{
    "symbol": "RIO",
    "annualReports": [
        {
            "fiscalDateEnding": "2022-12-31",
            "reportedCurrency": "USD",
            "grossProfit": "34270000000",
            "totalRevenue": "55554000000",
            "costOfRevenue": "21284000000",
            "costofGoodsAndServicesSold": "21284000000",
            "operatingIncome": "19933000000",
            "sellingGeneralAndAdministrative": "4254000000",
            "researchAndDevelopment": "76000000",
            "operatingExpenses": "35666000000",
            "investmentIncomeNet": "None",
            "netInterestIncome": "-1675000000",
            "interestIncome": "179000000",
            "interestExpense": "1854000000",
            "nonInterestIncome": "None",
            "otherNonOperatingIncome": "None",
            "depreciation": "None",
            "depreciationAndAmortization": "6174000000",
            "incomeBeforeTax": "18662000000",
            "incomeTaxExpense": "5586000000",
            "interestAndDebtExpense": "None",
            "netIncomeFromContinuingOperations": "13076000000",
            "comprehensiveIncomeNetOfTax": "None",
            "ebit": "19933000000",
            "ebitda": "26107000000",
            "netIncome": "12420000000"
        },
        {
            "fiscalDateEnding": "2021-12-31",
            "reportedCurrency": "USD",
            "grossProfit": "44934000000",
            "totalRevenue": "63495000000",
            "costOfRevenue": "18561000000",
            "costofGoodsAndServicesSold": "18561000000",
            "operatingIncome": "29817000000",
            "sellingGeneralAndAdministrative": "3482000000",
            "researchAndDevelopment": "65000000",
            "operatingExpenses": "33409000000",
            "investmentIncomeNet": "None",
            "netInterestIncome": "-597000000",
            "interestIncome": "64000000",
            "interestExpense": "592000000",
            "nonInterestIncome": "None",
            "otherNonOperatingIncome": "None",
            "depreciation": "None",
            "depreciationAndAmortization": "6874000000",
            "incomeBeforeTax": "30833000000",
            "incomeTaxExpense": "8258000000",
            "interestAndDebtExpense": "None",
            "netIncomeFromContinuingOperations": "22575000000",
            "comprehensiveIncomeNetOfTax": "None",
            "ebit": "29817000000",
            "ebitda": "36691000000",
            "netIncome": "21094000000"
        },
        {
            "fiscalDateEnding": "2020-12-31",
            "reportedCurrency": "USD",
            "grossProfit": "29126000000",
            "totalRevenue": "44611000000",
            "costOfRevenue": "15485000000",
            "costofGoodsAndServicesSold": "15485000000",
            "operatingIncome": "16829000000",
            "sellingGeneralAndAdministrative": "2739000000",
            "researchAndDevelopment": "45000000",
            "operatingExpenses": "26878000000",
            "investmentIncomeNet": "None",
            "netInterestIncome": "-504000000",
            "interestIncome": "141000000",
            "interestExpense": "645000000",
            "nonInterestIncome": "None",
            "otherNonOperatingIncome": "None",
            "depreciation": "None",
            "depreciationAndAmortization": "4852000000",
            "incomeBeforeTax": "15391000000",
            "incomeTaxExpense": "4991000000",
            "interestAndDebtExpense": "None",
            "netIncomeFromContinuingOperations": "10400000000",
            "comprehensiveIncomeNetOfTax": "None",
            "ebit": "16829000000",
            "ebitda": "21681000000",
            "netIncome": "9769000000"
        },
        {
            "fiscalDateEnding": "2019-12-31",
            "reportedCurrency": "USD",
            "grossProfit": "26753000000",
            "totalRevenue": "43165000000",
            "costOfRevenue": "16412000000",
            "costofGoodsAndServicesSold": "16412000000",
            "operatingIncome": "15903000000",
            "sellingGeneralAndAdministrative": "3285000000",
            "researchAndDevelopment": "45000000",
            "operatingExpenses": "27921000000",
            "investmentIncomeNet": "None",
            "netInterestIncome": "-634000000",
            "interestIncome": "259000000",
            "interestExpense": "938000000",
            "nonInterestIncome": "None",
            "otherNonOperatingIncome": "None",
            "depreciation": "None",
            "depreciationAndAmortization": "4384000000",
            "incomeBeforeTax": "11119000000",
            "incomeTaxExpense": "4147000000",
            "interestAndDebtExpense": "None",
            "netIncomeFromContinuingOperations": "6972000000",
            "comprehensiveIncomeNetOfTax": "None",
            "ebit": "15903000000",
            "ebitda": "20287000000",
            "netIncome": "8010000000"
        },
        {
            "fiscalDateEnding": "2018-12-31",
            "reportedCurrency": "USD",
            "grossProfit": "23963000000",
            "totalRevenue": "40522000000",
            "costOfRevenue": "16559000000",
            "costofGoodsAndServicesSold": "16559000000",
            "operatingIncome": "17687000000",
            "sellingGeneralAndAdministrative": "2580000000",
            "researchAndDevelopment": "45000000",
            "operatingExpenses": "23209000000",
            "investmentIncomeNet": "None",
            "netInterestIncome": "-609000000",
            "interestIncome": "709000000",
            "interestExpense": "858000000",
            "nonInterestIncome": "None",
            "otherNonOperatingIncome": "None",
            "depreciation": "None",
            "depreciationAndAmortization": "4015000000",
            "incomeBeforeTax": "18167000000",
            "incomeTaxExpense": "4242000000",
            "interestAndDebtExpense": "None",
            "netIncomeFromContinuingOperations": "13925000000",
            "comprehensiveIncomeNetOfTax": "None",
            "ebit": "18738000000",
            "ebitda": "22753000000",
            "netIncome": "13638000000"
        }
    ],
    "quarterlyReports": [
        {
            "fiscalDateEnding": "2022-12-31",
            "reportedCurrency": "USD",
            "grossProfit": "None",
            "totalRevenue": "25779000000",
            "costOfRevenue": "None",
            "costofGoodsAndServicesSold": "None",
            "operatingIncome": "7525000000",
            "sellingGeneralAndAdministrative": "None",
            "researchAndDevelopment": "None",
            "operatingExpenses": "None",
            "investmentIncomeNet": "None",
            "netInterestIncome": "None",
            "interestIncome": "-162000000",
            "interestExpense": "None",
            "nonInterestIncome": "None",
            "otherNonOperatingIncome": "None",
            "depreciation": "None",
            "depreciationAndAmortization": "None",
            "incomeBeforeTax": "6347000000",
            "incomeTaxExpense": "None",
            "interestAndDebtExpense": "None",
            "netIncomeFromContinuingOperations": "None",
            "comprehensiveIncomeNetOfTax": "None",
            "ebit": "None",
            "ebitda": "None",
            "netIncome": "3512000000"
        },
        {
            "fiscalDateEnding": "2022-06-30",
            "reportedCurrency": "USD",
            "grossProfit": "None",
            "totalRevenue": "29775000000",
            "costOfRevenue": "None",
            "costofGoodsAndServicesSold": "None",
            "operatingIncome": "12206000000",
            "sellingGeneralAndAdministrative": "None",
            "researchAndDevelopment": "None",
            "operatingExpenses": "None",
            "investmentIncomeNet": "None",
            "netInterestIncome": "None",
            "interestIncome": "612000000",
            "interestExpense": "None",
            "nonInterestIncome": "None",
            "otherNonOperatingIncome": "None",
            "depreciation": "None",
            "depreciationAndAmortization": "None",
            "incomeBeforeTax": "12315000000",
            "incomeTaxExpense": "1451000000",
            "interestAndDebtExpense": "None",
            "netIncomeFromContinuingOperations": "None",
            "comprehensiveIncomeNetOfTax": "None",
            "ebit": "5749000000",
            "ebitda": "None",
            "netIncome": "8908000000"
        },
        {
            "fiscalDateEnding": "2022-03-31",
            "reportedCurrency": "USD",
            "grossProfit": "None",
            "totalRevenue": "None",
            "costOfRevenue": "None",
            "costofGoodsAndServicesSold": "None",
            "operatingIncome": "None",
            "sellingGeneralAndAdministrative": "None",
            "researchAndDevelopment": "None",
            "operatingExpenses": "None",
            "investmentIncomeNet": "None",
            "netInterestIncome": "None",
            "interestIncome": "None",
            "interestExpense": "None",
            "nonInterestIncome": "None",
            "otherNonOperatingIncome": "None",
            "depreciation": "None",
            "depreciationAndAmortization": "None",
            "incomeBeforeTax": "None",
            "incomeTaxExpense": "1451000000",
            "interestAndDebtExpense": "None",
            "netIncomeFromContinuingOperations": "None",
            "comprehensiveIncomeNetOfTax": "None",
            "ebit": "5749000000",
            "ebitda": "None",
            "netIncome": "None"
        },
        {
            "fiscalDateEnding": "2021-12-31",
            "reportedCurrency": "USD",
            "grossProfit": "None",
            "totalRevenue": "30412000000",
            "costOfRevenue": "None",
            "costofGoodsAndServicesSold": "None",
            "operatingIncome": "12380000000",
            "sellingGeneralAndAdministrative": "None",
            "researchAndDevelopment": "None",
            "operatingExpenses": "None",
            "investmentIncomeNet": "None",
            "netInterestIncome": "None",
            "interestIncome": "615000000",
            "interestExpense": "None",
            "nonInterestIncome": "None",
            "otherNonOperatingIncome": "None",
            "depreciation": "None",
            "depreciationAndAmortization": "None",
            "incomeBeforeTax": "12784000000",
            "incomeTaxExpense": "1638500000",
            "interestAndDebtExpense": "None",
            "netIncomeFromContinuingOperations": "None",
            "comprehensiveIncomeNetOfTax": "None",
            "ebit": "6130500000",
            "ebitda": "None",
            "netIncome": "8781000000"
        },
        {
            "fiscalDateEnding": "2021-09-30",
            "reportedCurrency": "USD",
            "grossProfit": "None",
            "totalRevenue": "None",
            "costOfRevenue": "None",
            "costofGoodsAndServicesSold": "None",
            "operatingIncome": "None",
            "sellingGeneralAndAdministrative": "None",
            "researchAndDevelopment": "None",
            "operatingExpenses": "None",
            "investmentIncomeNet": "None",
            "netInterestIncome": "None",
            "interestIncome": "None",
            "interestExpense": "None",
            "nonInterestIncome": "None",
            "otherNonOperatingIncome": "None",
            "depreciation": "None",
            "depreciationAndAmortization": "None",
            "incomeBeforeTax": "None",
            "incomeTaxExpense": "1638500000",
            "interestAndDebtExpense": "None",
            "netIncomeFromContinuingOperations": "None",
            "comprehensiveIncomeNetOfTax": "None",
            "ebit": "6130500000",
            "ebitda": "None",
            "netIncome": "None"
        },
        {
            "fiscalDateEnding": "2021-06-30",
            "reportedCurrency": "USD",
            "grossProfit": "None",
            "totalRevenue": "33083000000",
            "costOfRevenue": "None",
            "costofGoodsAndServicesSold": "None",
            "operatingIncome": "17437000000",
            "sellingGeneralAndAdministrative": "None",
            "researchAndDevelopment": "None",
            "operatingExpenses": "None",
            "investmentIncomeNet": "None",
            "netInterestIncome": "None",
            "interestIncome": "819000000",
            "interestExpense": "None",
            "nonInterestIncome": "None",
            "otherNonOperatingIncome": "None",
            "depreciation": "None",
            "depreciationAndAmortization": "None",
            "incomeBeforeTax": "18049000000",
            "incomeTaxExpense": "2490500000",
            "interestAndDebtExpense": "None",
            "netIncomeFromContinuingOperations": "None",
            "comprehensiveIncomeNetOfTax": "None",
            "ebit": "8583500000",
            "ebitda": "None",
            "netIncome": "12313000000"
        },
        {
            "fiscalDateEnding": "2021-03-31",
            "reportedCurrency": "USD",
            "grossProfit": "None",
            "totalRevenue": "None",
            "costOfRevenue": "None",
            "costofGoodsAndServicesSold": "None",
            "operatingIncome": "None",
            "sellingGeneralAndAdministrative": "None",
            "researchAndDevelopment": "None",
            "operatingExpenses": "None",
            "investmentIncomeNet": "None",
            "netInterestIncome": "None",
            "interestIncome": "None",
            "interestExpense": "None",
            "nonInterestIncome": "None",
            "otherNonOperatingIncome": "None",
            "depreciation": "None",
            "depreciationAndAmortization": "None",
            "incomeBeforeTax": "None",
            "incomeTaxExpense": "2490500000",
            "interestAndDebtExpense": "None",
            "netIncomeFromContinuingOperations": "None",
            "comprehensiveIncomeNetOfTax": "None",
            "ebit": "8583500000",
            "ebitda": "None",
            "netIncome": "None"
        },
        {
            "fiscalDateEnding": "2020-12-31",
            "reportedCurrency": "USD",
            "grossProfit": "5778500000",
            "totalRevenue": "12624500000",
            "costOfRevenue": "6846000000",
            "costofGoodsAndServicesSold": "6846000000",
            "operatingIncome": "5230000000",
            "sellingGeneralAndAdministrative": "172500000",
            "researchAndDevelopment": "None",
            "operatingExpenses": "6846000000",
            "investmentIncomeNet": "None",
            "netInterestIncome": "None",
            "interestIncome": "484000000",
            "interestExpense": "-185500000",
            "nonInterestIncome": "None",
            "otherNonOperatingIncome": "None",
            "depreciation": "None",
            "depreciationAndAmortization": "1184500000",
            "incomeBeforeTax": "5056000000",
            "incomeTaxExpense": "1581500000",
            "interestAndDebtExpense": "None",
            "netIncomeFromContinuingOperations": "None",
            "comprehensiveIncomeNetOfTax": "None",
            "ebit": "4622500000",
            "ebitda": "5807000000",
            "netIncome": "3226500000"
        },
        {
            "fiscalDateEnding": "2020-09-30",
            "reportedCurrency": "USD",
            "grossProfit": "None",
            "totalRevenue": "None",
            "costOfRevenue": "None",
            "costofGoodsAndServicesSold": "None",
            "operatingIncome": "None",
            "sellingGeneralAndAdministrative": "None",
            "researchAndDevelopment": "None",
            "operatingExpenses": "None",
            "investmentIncomeNet": "None",
            "netInterestIncome": "None",
            "interestIncome": "None",
            "interestExpense": "None",
            "nonInterestIncome": "None",
            "otherNonOperatingIncome": "None",
            "depreciation": "None",
            "depreciationAndAmortization": "None",
            "incomeBeforeTax": "None",
            "incomeTaxExpense": "1581500000",
            "interestAndDebtExpense": "None",
            "netIncomeFromContinuingOperations": "None",
            "comprehensiveIncomeNetOfTax": "None",
            "ebit": "5230000000",
            "ebitda": "None",
            "netIncome": "None"
        },
        {
            "fiscalDateEnding": "2020-06-30",
            "reportedCurrency": "USD",
            "grossProfit": "None",
            "totalRevenue": "19362000000",
            "costOfRevenue": "None",
            "costofGoodsAndServicesSold": "None",
            "operatingIncome": "5731000000",
            "sellingGeneralAndAdministrative": "None",
            "researchAndDevelopment": "None",
            "operatingExpenses": "None",
            "investmentIncomeNet": "None",
            "netInterestIncome": "None",
            "interestIncome": "238000000",
            "interestExpense": "None",
            "nonInterestIncome": "None",
            "otherNonOperatingIncome": "None",
            "depreciation": "None",
            "depreciationAndAmortization": "None",
            "incomeBeforeTax": "5279000000",
            "incomeTaxExpense": "914000000",
            "interestAndDebtExpense": "None",
            "netIncomeFromContinuingOperations": "None",
            "comprehensiveIncomeNetOfTax": "None",
            "ebit": "None",
            "ebitda": "None",
            "netIncome": "3316000000"
        },
        {
            "fiscalDateEnding": "2020-03-31",
            "reportedCurrency": "USD",
            "grossProfit": "3572500000",
            "totalRevenue": "9681000000",
            "costOfRevenue": "None",
            "costofGoodsAndServicesSold": "None",
            "operatingIncome": "None",
            "sellingGeneralAndAdministrative": "None",
            "researchAndDevelopment": "None",
            "operatingExpenses": "None",
            "investmentIncomeNet": "None",
            "netInterestIncome": "None",
            "interestIncome": "None",
            "interestExpense": "None",
            "nonInterestIncome": "None",
            "otherNonOperatingIncome": "None",
            "depreciation": "None",
            "depreciationAndAmortization": "None",
            "incomeBeforeTax": "None",
            "incomeTaxExpense": "914000000",
            "interestAndDebtExpense": "None",
            "netIncomeFromContinuingOperations": "None",
            "comprehensiveIncomeNetOfTax": "None",
            "ebit": "None",
            "ebitda": "None",
            "netIncome": "None"
        },
        {
            "fiscalDateEnding": "2019-12-31",
            "reportedCurrency": "USD",
            "grossProfit": "4148500000",
            "totalRevenue": "22443000000",
            "costOfRevenue": "7073000000",
            "costofGoodsAndServicesSold": "7073000000",
            "operatingIncome": "6190000000",
            "sellingGeneralAndAdministrative": "171500000",
            "researchAndDevelopment": "None",
            "operatingExpenses": "8156500000",
            "investmentIncomeNet": "None",
            "netInterestIncome": "None",
            "interestIncome": "68000000",
            "interestExpense": "307000000",
            "nonInterestIncome": "None",
            "otherNonOperatingIncome": "None",
            "depreciation": "None",
            "depreciationAndAmortization": "None",
            "incomeBeforeTax": "5933000000",
            "incomeTaxExpense": "946000000",
            "interestAndDebtExpense": "None",
            "netIncomeFromContinuingOperations": "2020500000",
            "comprehensiveIncomeNetOfTax": "None",
            "ebit": "3065000000",
            "ebitda": "None",
            "netIncome": "3880000000"
        },
        {
            "fiscalDateEnding": "2019-09-30",
            "reportedCurrency": "USD",
            "grossProfit": "4148500000",
            "totalRevenue": "11221500000",
            "costOfRevenue": "7073000000",
            "costofGoodsAndServicesSold": "7073000000",
            "operatingIncome": "3065000000",
            "sellingGeneralAndAdministrative": "171500000",
            "researchAndDevelopment": "None",
            "operatingExpenses": "8156500000",
            "investmentIncomeNet": "None",
            "netInterestIncome": "None",
            "interestIncome": "None",
            "interestExpense": "307000000",
            "nonInterestIncome": "None",
            "otherNonOperatingIncome": "None",
            "depreciation": "None",
            "depreciationAndAmortization": "None",
            "incomeBeforeTax": "2966500000",
            "incomeTaxExpense": "946000000",
            "interestAndDebtExpense": "None",
            "netIncomeFromContinuingOperations": "2020500000",
            "comprehensiveIncomeNetOfTax": "None",
            "ebit": "3065000000",
            "ebitda": "None",
            "netIncome": "1940000000"
        },
        {
            "fiscalDateEnding": "2019-06-30",
            "reportedCurrency": "USD",
            "grossProfit": "3952000000",
            "totalRevenue": "20722000000",
            "costOfRevenue": "6409000000",
            "costofGoodsAndServicesSold": "6409000000",
            "operatingIncome": "5276000000",
            "sellingGeneralAndAdministrative": "171500000",
            "researchAndDevelopment": "None",
            "operatingExpenses": "6704500000",
            "investmentIncomeNet": "None",
            "netInterestIncome": "None",
            "interestIncome": "105000000",
            "interestExpense": "53500000",
            "nonInterestIncome": "None",
            "otherNonOperatingIncome": "None",
            "depreciation": "None",
            "depreciationAndAmortization": "None",
            "incomeBeforeTax": "5186000000",
            "incomeTaxExpense": "1127500000",
            "interestAndDebtExpense": "None",
            "netIncomeFromContinuingOperations": "1465500000",
            "comprehensiveIncomeNetOfTax": "None",
            "ebit": "3656500000",
            "ebitda": "None",
            "netIncome": "4130000000"
        },
        {
            "fiscalDateEnding": "2019-03-31",
            "reportedCurrency": "USD",
            "grossProfit": "3952000000",
            "totalRevenue": "10361000000",
            "costOfRevenue": "6409000000",
            "costofGoodsAndServicesSold": "6409000000",
            "operatingIncome": "3656500000",
            "sellingGeneralAndAdministrative": "171500000",
            "researchAndDevelopment": "None",
            "operatingExpenses": "6704500000",
            "investmentIncomeNet": "None",
            "netInterestIncome": "None",
            "interestIncome": "None",
            "interestExpense": "53500000",
            "nonInterestIncome": "None",
            "otherNonOperatingIncome": "None",
            "depreciation": "None",
            "depreciationAndAmortization": "None",
            "incomeBeforeTax": "2593000000",
            "incomeTaxExpense": "1127500000",
            "interestAndDebtExpense": "None",
            "netIncomeFromContinuingOperations": "1465500000",
            "comprehensiveIncomeNetOfTax": "None",
            "ebit": "3656500000",
            "ebitda": "None",
            "netIncome": "2065000000"
        },
        {
            "fiscalDateEnding": "2018-12-31",
            "reportedCurrency": "USD",
            "grossProfit": "3482500000",
            "totalRevenue": "20608000000",
            "costOfRevenue": "6821500000",
            "costofGoodsAndServicesSold": "6821500000",
            "operatingIncome": "11229000000",
            "sellingGeneralAndAdministrative": "0",
            "researchAndDevelopment": "0",
            "operatingExpenses": "7065500000",
            "investmentIncomeNet": "None",
            "netInterestIncome": "None",
            "interestIncome": "392000000",
            "interestExpense": "238500000",
            "nonInterestIncome": "None",
            "otherNonOperatingIncome": "None",
            "depreciation": "None",
            "depreciationAndAmortization": "None",
            "incomeBeforeTax": "11435000000",
            "incomeTaxExpense": "1004500000",
            "interestAndDebtExpense": "None",
            "netIncomeFromContinuingOperations": "4713000000",
            "comprehensiveIncomeNetOfTax": "None",
            "ebit": "3238500000",
            "ebitda": "None",
            "netIncome": "9258000000"
        },
        {
            "fiscalDateEnding": "2018-09-30",
            "reportedCurrency": "USD",
            "grossProfit": "3482500000",
            "totalRevenue": "10304000000",
            "costOfRevenue": "6821500000",
            "costofGoodsAndServicesSold": "6821500000",
            "operatingIncome": "3238500000",
            "sellingGeneralAndAdministrative": "0",
            "researchAndDevelopment": "0",
            "operatingExpenses": "7065500000",
            "investmentIncomeNet": "None",
            "netInterestIncome": "None",
            "interestIncome": "None",
            "interestExpense": "238500000",
            "nonInterestIncome": "None",
            "otherNonOperatingIncome": "None",
            "depreciation": "None",
            "depreciationAndAmortization": "None",
            "incomeBeforeTax": "5717500000",
            "incomeTaxExpense": "1004500000",
            "interestAndDebtExpense": "None",
            "netIncomeFromContinuingOperations": "4713000000",
            "comprehensiveIncomeNetOfTax": "None",
            "ebit": "3238500000",
            "ebitda": "None",
            "netIncome": "4629000000"
        },
        {
            "fiscalDateEnding": "2018-06-30",
            "reportedCurrency": "USD",
            "grossProfit": "3221000000",
            "totalRevenue": "19914000000",
            "costOfRevenue": "6736000000",
            "costofGoodsAndServicesSold": "6736000000",
            "operatingIncome": "6364000000",
            "sellingGeneralAndAdministrative": "0",
            "researchAndDevelopment": "0",
            "operatingExpenses": "6954500000",
            "investmentIncomeNet": "None",
            "netInterestIncome": "None",
            "interestIncome": "559000000",
            "interestExpense": "48500000",
            "nonInterestIncome": "None",
            "otherNonOperatingIncome": "None",
            "depreciation": "None",
            "depreciationAndAmortization": "None",
            "incomeBeforeTax": "6732000000",
            "incomeTaxExpense": "1116500000",
            "interestAndDebtExpense": "None",
            "netIncomeFromContinuingOperations": "2249500000",
            "comprehensiveIncomeNetOfTax": "None",
            "ebit": "3002500000",
            "ebitda": "None",
            "netIncome": "4380000000"
        },
        {
            "fiscalDateEnding": "2018-03-31",
            "reportedCurrency": "USD",
            "grossProfit": "3221000000",
            "totalRevenue": "9957000000",
            "costOfRevenue": "6736000000",
            "costofGoodsAndServicesSold": "6736000000",
            "operatingIncome": "3002500000",
            "sellingGeneralAndAdministrative": "0",
            "researchAndDevelopment": "0",
            "operatingExpenses": "6954500000",
            "investmentIncomeNet": "None",
            "netInterestIncome": "None",
            "interestIncome": "None",
            "interestExpense": "48500000",
            "nonInterestIncome": "None",
            "otherNonOperatingIncome": "None",
            "depreciation": "None",
            "depreciationAndAmortization": "None",
            "incomeBeforeTax": "3366000000",
            "incomeTaxExpense": "1116500000",
            "interestAndDebtExpense": "None",
            "netIncomeFromContinuingOperations": "2249500000",
            "comprehensiveIncomeNetOfTax": "None",
            "ebit": "3002500000",
            "ebitda": "None",
            "netIncome": "2190000000"
        },
        {
            "fiscalDateEnding": "2017-12-31",
            "reportedCurrency": "USD",
            "grossProfit": "9857000000",
            "totalRevenue": "20711000000",
            "costOfRevenue": "12782000000",
            "costofGoodsAndServicesSold": "12782000000",
            "operatingIncome": "8012000000",
            "sellingGeneralAndAdministrative": "15000000",
            "researchAndDevelopment": "58000000",
            "operatingExpenses": "20924000000",
            "investmentIncomeNet": "None",
            "netInterestIncome": "None",
            "interestIncome": "13000000",
            "interestExpense": "384000000",
            "nonInterestIncome": "None",
            "otherNonOperatingIncome": "None",
            "depreciation": "None",
            "depreciationAndAmortization": "None",
            "incomeBeforeTax": "7860000000",
            "incomeTaxExpense": "2296000000",
            "interestAndDebtExpense": "None",
            "netIncomeFromContinuingOperations": "6069000000",
            "comprehensiveIncomeNetOfTax": "None",
            "ebit": "8750500000",
            "ebitda": "None",
            "netIncome": "5457000000"
        },
        {
            "fiscalDateEnding": "2017-09-30",
            "reportedCurrency": "USD",
            "grossProfit": "6523500000",
            "totalRevenue": "8963500000",
            "costOfRevenue": "-3901500000",
            "costofGoodsAndServicesSold": "-3901500000",
            "operatingIncome": "-3294500000",
            "sellingGeneralAndAdministrative": "0",
            "researchAndDevelopment": "0",
            "operatingExpenses": "14219500000",
            "investmentIncomeNet": "None",
            "netInterestIncome": "None",
            "interestIncome": "None",
            "interestExpense": "640000000",
            "nonInterestIncome": "None",
            "otherNonOperatingIncome": "None",
            "depreciation": "None",
            "depreciationAndAmortization": "None",
            "incomeBeforeTax": "-1026000000",
            "incomeTaxExpense": "-521000000",
            "interestAndDebtExpense": "None",
            "netIncomeFromContinuingOperations": "4425500000",
            "comprehensiveIncomeNetOfTax": "None",
            "ebit": "5795500000",
            "ebitda": "None",
            "netIncome": "-576500000"
        }
    ]
}