{
    "symbol": "BTI",
    "annualReports": [
        {
            "fiscalDateEnding": "2022-12-31",
            "reportedCurrency": "GBP",
            "grossProfit": "23101000000",
            "totalRevenue": "27655000000",
            "costOfRevenue": "4554000000",
            "costofGoodsAndServicesSold": "4554000000",
            "operatingIncome": "10523000000",
            "sellingGeneralAndAdministrative": "29000000",
            "researchAndDevelopment": "138000000",
            "operatingExpenses": "7822000000",
            "investmentIncomeNet": "None",
            "netInterestIncome": "-1592000000",
            "interestIncome": "92000000",
            "interestExpense": "1663000000",
            "nonInterestIncome": "None",
            "otherNonOperatingIncome": "None",
            "depreciation": "None",
            "depreciationAndAmortization": "2191000000",
            "incomeBeforeTax": "9324000000",
            "incomeTaxExpense": "2478000000",
            "interestAndDebtExpense": "None",
            "netIncomeFromContinuingOperations": "6846000000",
            "comprehensiveIncomeNetOfTax": "None",
            "ebit": "10523000000",
            "ebitda": "12714000000",
            "netIncome": "6666000000"
        },
        {
            "fiscalDateEnding": "2021-12-31",
            "reportedCurrency": "GBP",
            "grossProfit": "21302000000",
            "totalRevenue": "25684000000",
            "costOfRevenue": "4382000000",
            "costofGoodsAndServicesSold": "4382000000",
            "operatingIncome": "10234000000",
            "sellingGeneralAndAdministrative": "27100000",
            "researchAndDevelopment": "141000000",
            "operatingExpenses": "11065000000",
            "investmentIncomeNet": "None",
            "netInterestIncome": "-1486000000",
            "interestIncome": "35000000",
            "interestExpense": "1521000000",
            "nonInterestIncome": "None",
            "otherNonOperatingIncome": "None",
            "depreciation": "None",
            "depreciationAndAmortization": "1529000000",
            "incomeBeforeTax": "9163000000",
            "incomeTaxExpense": "2189000000",
            "interestAndDebtExpense": "None",
            "netIncomeFromContinuingOperations": "6974000000",
            "comprehensiveIncomeNetOfTax": "None",
            "ebit": "10234000000",
            "ebitda": "11763000000",
            "netIncome": "6801000000"
        },
        {
            "fiscalDateEnding": "2020-12-31",
            "reportedCurrency": "GBP",
            "grossProfit": "21638000000",
            "totalRevenue": "25776000000",
            "costOfRevenue": "4138000000",
            "costofGoodsAndServicesSold": "4138000000",
            "operatingIncome": "9962000000",
            "sellingGeneralAndAdministrative": "28300000",
            "researchAndDevelopment": "121000000",
            "operatingExpenses": "11673000000",
            "investmentIncomeNet": "None",
            "netInterestIncome": "-1745000000",
            "interestIncome": "50000000",
            "interestExpense": "1795000000",
            "nonInterestIncome": "None",
            "otherNonOperatingIncome": "None",
            "depreciation": "None",
            "depreciationAndAmortization": "1958000000",
            "incomeBeforeTax": "8672000000",
            "incomeTaxExpense": "2108000000",
            "interestAndDebtExpense": "None",
            "netIncomeFromContinuingOperations": "6564000000",
            "comprehensiveIncomeNetOfTax": "None",
            "ebit": "9962000000",
            "ebitda": "11920000000",
            "netIncome": "6400000000"
        },
        {
            "fiscalDateEnding": "2019-12-31",
            "reportedCurrency": "GBP",
            "grossProfit": "21440000000",
            "totalRevenue": "25877000000",
            "costOfRevenue": "4437000000",
            "costofGoodsAndServicesSold": "4437000000",
            "operatingIncome": "9016000000",
            "sellingGeneralAndAdministrative": "25300000",
            "researchAndDevelopment": "126000000",
            "operatingExpenses": "12421000000",
            "investmentIncomeNet": "None",
            "netInterestIncome": "-1714000000",
            "interestIncome": "1014000000",
            "interestExpense": "1812000000",
            "nonInterestIncome": "None",
            "otherNonOperatingIncome": "0",
            "depreciation": "None",
            "depreciationAndAmortization": "2223000000",
            "incomeBeforeTax": "7912000000",
            "incomeTaxExpense": "2063000000",
            "interestAndDebtExpense": "None",
            "netIncomeFromContinuingOperations": "5849000000",
            "comprehensiveIncomeNetOfTax": "None",
            "ebit": "9016000000",
            "ebitda": "11239000000",
            "netIncome": "5704000000"
        },
        {
            "fiscalDateEnding": "2018-12-31",
            "reportedCurrency": "GBP",
            "grossProfit": "25362365030",
            "totalRevenue": "31222671239",
            "costOfRevenue": "5860306209",
            "costofGoodsAndServicesSold": "5860306209",
            "operatingIncome": "12788904045",
            "sellingGeneralAndAdministrative": "25400000",
            "researchAndDevelopment": "105000000",
            "operatingExpenses": "-12720064250",
            "investmentIncomeNet": "None",
            "netInterestIncome": "-1579000000",
            "interestIncome": "953000000",
            "interestExpense": "1996354040",
            "nonInterestIncome": "None",
            "otherNonOperatingIncome": "0",
            "depreciation": "None",
            "depreciationAndAmortization": "1019848807",
            "incomeBeforeTax": "10645946738",
            "incomeTaxExpense": "2729370370",
            "interestAndDebtExpense": "None",
            "netIncomeFromContinuingOperations": "6209200000",
            "comprehensiveIncomeNetOfTax": "None",
            "ebit": "12788904045",
            "ebitda": "13808752852",
            "netIncome": "7689660008"
        }
    ],
    "quarterlyReports": [
        {
            "fiscalDateEnding": "2022-12-31",
            "reportedCurrency": "GBP",
            "grossProfit": "10477000000",
            "totalRevenue": "14786000000",
            "costOfRevenue": "4309000000",
            "costofGoodsAndServicesSold": "4309000000",
            "operatingIncome": "5198000000",
            "sellingGeneralAndAdministrative": "4746000000",
            "researchAndDevelopment": "104567104",
            "operatingExpenses": "9588000000",
            "investmentIncomeNet": "None",
            "netInterestIncome": "None",
            "interestIncome": "582000000",
            "interestExpense": "905500000",
            "nonInterestIncome": "None",
            "otherNonOperatingIncome": "None",
            "depreciation": "None",
            "depreciationAndAmortization": "533000000",
            "incomeBeforeTax": "6021000000",
            "incomeTaxExpense": "1355000000",
            "interestAndDebtExpense": "None",
            "netIncomeFromContinuingOperations": "None",
            "comprehensiveIncomeNetOfTax": "None",
            "ebit": "6411000000",
            "ebitda": "6944000000",
            "netIncome": "4758000000"
        },
        {
            "fiscalDateEnding": "2022-09-30",
            "reportedCurrency": "None",
            "grossProfit": "6775620051",
            "totalRevenue": "8255815251",
            "costOfRevenue": "1480195200",
            "costofGoodsAndServicesSold": "1480195200",
            "operatingIncome": "3736501803",
            "sellingGeneralAndAdministrative": "775553049",
            "researchAndDevelopment": "96595160",
            "operatingExpenses": "-2823035433",
            "investmentIncomeNet": "None",
            "netInterestIncome": "None",
            "interestIncome": "None",
            "interestExpense": "455616478",
            "nonInterestIncome": "None",
            "otherNonOperatingIncome": "None",
            "depreciation": "None",
            "depreciationAndAmortization": "536577739",
            "incomeBeforeTax": "3496968140",
            "incomeTaxExpense": "756569029",
            "interestAndDebtExpense": "None",
            "netIncomeFromContinuingOperations": "None",
            "comprehensiveIncomeNetOfTax": "None",
            "ebit": "3736501803",
            "ebitda": "4273079542",
            "netIncome": "2740399111"
        },
        {
            "fiscalDateEnding": "2022-06-30",
            "reportedCurrency": "GBP",
            "grossProfit": "6522136067",
            "totalRevenue": "7832527906",
            "costOfRevenue": "1310391839",
            "costofGoodsAndServicesSold": "1310391839",
            "operatingIncome": "3024308894",
            "sellingGeneralAndAdministrative": "1280000000",
            "researchAndDevelopment": "91295297",
            "operatingExpenses": "-4201409599",
            "investmentIncomeNet": "None",
            "netInterestIncome": "None",
            "interestIncome": "617000000",
            "interestExpense": "457693759",
            "nonInterestIncome": "None",
            "otherNonOperatingIncome": "None",
            "depreciation": "None",
            "depreciationAndAmortization": "285449964",
            "incomeBeforeTax": "1863032708",
            "incomeTaxExpense": "683497462",
            "interestAndDebtExpense": "None",
            "netIncomeFromContinuingOperations": "None",
            "comprehensiveIncomeNetOfTax": "None",
            "ebit": "3024308894",
            "ebitda": "3309758858",
            "netIncome": "1179535246"
        },
        {
            "fiscalDateEnding": "2022-03-31",
            "reportedCurrency": "GBP",
            "grossProfit": "7038331188",
            "totalRevenue": "8452434122",
            "costOfRevenue": "1414102934",
            "costofGoodsAndServicesSold": "1414102934",
            "operatingIncome": "3263668129",
            "sellingGeneralAndAdministrative": "None",
            "researchAndDevelopment": "98520873",
            "operatingExpenses": "-4533930588",
            "investmentIncomeNet": "None",
            "netInterestIncome": "None",
            "interestIncome": "None",
            "interestExpense": "493917978",
            "nonInterestIncome": "None",
            "otherNonOperatingIncome": "None",
            "depreciation": "None",
            "depreciationAndAmortization": "308041930",
            "incomeBeforeTax": "2010482620",
            "incomeTaxExpense": "737592938",
            "interestAndDebtExpense": "None",
            "netIncomeFromContinuingOperations": "None",
            "comprehensiveIncomeNetOfTax": "None",
            "ebit": "3263668129",
            "ebitda": "3571710059",
            "netIncome": "1272889682"
        },
        {
            "fiscalDateEnding": "2021-12-31",
            "reportedCurrency": "GBP",
            "grossProfit": "7462777394",
            "totalRevenue": "9134244796",
            "costOfRevenue": "1671467402",
            "costofGoodsAndServicesSold": "1671467402",
            "operatingIncome": "3986639079",
            "sellingGeneralAndAdministrative": "1197000000",
            "researchAndDevelopment": "109537912",
            "operatingExpenses": "-3755392375",
            "investmentIncomeNet": "None",
            "netInterestIncome": "None",
            "interestIncome": "548000000",
            "interestExpense": "476016606",
            "nonInterestIncome": "None",
            "otherNonOperatingIncome": "None",
            "depreciation": "None",
            "depreciationAndAmortization": "421923810",
            "incomeBeforeTax": "3231368412",
            "incomeTaxExpense": "766765386",
            "interestAndDebtExpense": "None",
            "netIncomeFromContinuingOperations": "None",
            "comprehensiveIncomeNetOfTax": "None",
            "ebit": "3986639079",
            "ebitda": "4408562889",
            "netIncome": "2392930071"
        },
        {
            "fiscalDateEnding": "2021-09-30",
            "reportedCurrency": "GBP",
            "grossProfit": "7436329335",
            "totalRevenue": "9101873062",
            "costOfRevenue": "1665543727",
            "costofGoodsAndServicesSold": "1665543727",
            "operatingIncome": "3972510443",
            "sellingGeneralAndAdministrative": "None",
            "researchAndDevelopment": "109149710",
            "operatingExpenses": "-3742083277",
            "investmentIncomeNet": "None",
            "netInterestIncome": "None",
            "interestIncome": "None",
            "interestExpense": "474329605",
            "nonInterestIncome": "None",
            "otherNonOperatingIncome": "None",
            "depreciation": "None",
            "depreciationAndAmortization": "420428513",
            "incomeBeforeTax": "3219916453",
            "incomeTaxExpense": "764047971",
            "interestAndDebtExpense": "None",
            "netIncomeFromContinuingOperations": "None",
            "comprehensiveIncomeNetOfTax": "None",
            "ebit": "3972510443",
            "ebitda": "4392938956",
            "netIncome": "2384449535"
        },
        {
            "fiscalDateEnding": "2021-06-30",
            "reportedCurrency": "GBP",
            "grossProfit": "6950880444",
            "totalRevenue": "8420593971",
            "costOfRevenue": "1469713526",
            "costofGoodsAndServicesSold": "1469713526",
            "operatingIncome": "3501030528",
            "sellingGeneralAndAdministrative": "1360000000",
            "researchAndDevelopment": "98211445",
            "operatingExpenses": "-3412501901",
            "investmentIncomeNet": "None",
            "netInterestIncome": "None",
            "interestIncome": "523000000",
            "interestExpense": "506273083",
            "nonInterestIncome": "None",
            "otherNonOperatingIncome": "None",
            "depreciation": "None",
            "depreciationAndAmortization": "280801737",
            "incomeBeforeTax": "3032105459",
            "incomeTaxExpense": "729669539",
            "interestAndDebtExpense": "None",
            "netIncomeFromContinuingOperations": "None",
            "comprehensiveIncomeNetOfTax": "None",
            "ebit": "3501030528",
            "ebitda": "3781832265",
            "netIncome": "2247797158"
        },
        {
            "fiscalDateEnding": "2021-03-31",
            "reportedCurrency": "GBP",
            "grossProfit": "6926926098",
            "totalRevenue": "8391574652",
            "costOfRevenue": "1464648553",
            "costofGoodsAndServicesSold": "1464648553",
            "operatingIncome": "3488965165",
            "sellingGeneralAndAdministrative": "None",
            "researchAndDevelopment": "97872985",
            "operatingExpenses": "-3400741629",
            "investmentIncomeNet": "None",
            "netInterestIncome": "None",
            "interestIncome": "None",
            "interestExpense": "504528348",
            "nonInterestIncome": "None",
            "otherNonOperatingIncome": "None",
            "depreciation": "None",
            "depreciationAndAmortization": "279834029",
            "incomeBeforeTax": "3021656121",
            "incomeTaxExpense": "727154928",
            "interestAndDebtExpense": "None",
            "netIncomeFromContinuingOperations": "None",
            "comprehensiveIncomeNetOfTax": "None",
            "ebit": "3488965165",
            "ebitda": "3768799194",
            "netIncome": "2240050728"
        },
        {
            "fiscalDateEnding": "2020-12-31",
            "reportedCurrency": "GBP",
            "grossProfit": "7560341880",
            "totalRevenue": "9234188034",
            "costOfRevenue": "1673846153",
            "costofGoodsAndServicesSold": "1673846153",
            "operatingIncome": "4013675213",
            "sellingGeneralAndAdministrative": "690500000",
            "researchAndDevelopment": "116239316",
            "operatingExpenses": "-4115555555",
            "investmentIncomeNet": "None",
            "netInterestIncome": "None",
            "interestIncome": "785000000",
            "interestExpense": "655042735",
            "nonInterestIncome": "None",
            "otherNonOperatingIncome": "None",
            "depreciation": "None",
            "depreciationAndAmortization": "318632479",
            "incomeBeforeTax": "2789743589",
            "incomeTaxExpense": "720683760",
            "interestAndDebtExpense": "None",
            "netIncomeFromContinuingOperations": "None",
            "comprehensiveIncomeNetOfTax": "None",
            "ebit": "4013675213",
            "ebitda": "4332307692",
            "netIncome": "2012307692"
        },
        {
            "fiscalDateEnding": "2020-09-30",
            "reportedCurrency": "GBP",
            "grossProfit": "7133548386",
            "totalRevenue": "8712903225",
            "costOfRevenue": "1579354838",
            "costofGoodsAndServicesSold": "1579354838",
            "operatingIncome": "3787096774",
            "sellingGeneralAndAdministrative": "None",
            "researchAndDevelopment": "109677419",
            "operatingExpenses": "-3883225806",
            "investmentIncomeNet": "None",
            "netInterestIncome": "None",
            "interestIncome": "None",
            "interestExpense": "618064516",
            "nonInterestIncome": "None",
            "otherNonOperatingIncome": "None",
            "depreciation": "None",
            "depreciationAndAmortization": "300645161",
            "incomeBeforeTax": "2632258064",
            "incomeTaxExpense": "679999999",
            "interestAndDebtExpense": "None",
            "netIncomeFromContinuingOperations": "None",
            "comprehensiveIncomeNetOfTax": "None",
            "ebit": "3787096774",
            "ebitda": "4087741935",
            "netIncome": "1898709677"
        },
        {
            "fiscalDateEnding": "2020-06-30",
            "reportedCurrency": "GBP",
            "grossProfit": "6363917972",
            "totalRevenue": "7602379034",
            "costOfRevenue": "1238461061",
            "costofGoodsAndServicesSold": "1238461061",
            "operatingIncome": "3207979679",
            "sellingGeneralAndAdministrative": "636000000",
            "researchAndDevelopment": "84877021",
            "operatingExpenses": "-3021498048",
            "investmentIncomeNet": "None",
            "netInterestIncome": "None",
            "interestIncome": "505000000",
            "interestExpense": "497490861",
            "nonInterestIncome": "None",
            "otherNonOperatingIncome": "None",
            "depreciation": "None",
            "depreciationAndAmortization": "321541416",
            "incomeBeforeTax": "2844929062",
            "incomeTaxExpense": "652995477",
            "interestAndDebtExpense": "None",
            "netIncomeFromContinuingOperations": "None",
            "comprehensiveIncomeNetOfTax": "None",
            "ebit": "3207979679",
            "ebitda": "3529521095",
            "netIncome": "2141750820"
        },
        {
            "fiscalDateEnding": "2020-03-31",
            "reportedCurrency": "GBP",
            "grossProfit": "6385518201",
            "totalRevenue": "7628182812",
            "costOfRevenue": "1242664611",
            "costofGoodsAndServicesSold": "1242664611",
            "operatingIncome": "3218868112",
            "sellingGeneralAndAdministrative": "636000000",
            "researchAndDevelopment": "85165108",
            "operatingExpenses": "-3031753530",
            "investmentIncomeNet": "None",
            "netInterestIncome": "None",
            "interestIncome": "None",
            "interestExpense": "499179431",
            "nonInterestIncome": "None",
            "otherNonOperatingIncome": "None",
            "depreciation": "None",
            "depreciationAndAmortization": "322632783",
            "incomeBeforeTax": "2854585239",
            "incomeTaxExpense": "655211855",
            "interestAndDebtExpense": "None",
            "netIncomeFromContinuingOperations": "None",
            "comprehensiveIncomeNetOfTax": "None",
            "ebit": "3218868112",
            "ebitda": "3541500895",
            "netIncome": "2149020290"
        },
        {
            "fiscalDateEnding": "2019-12-31",
            "reportedCurrency": "GBP",
            "grossProfit": "7490495304",
            "totalRevenue": "9078806183",
            "costOfRevenue": "1588310879",
            "costofGoodsAndServicesSold": "1588310879",
            "operatingIncome": "3858840360",
            "sellingGeneralAndAdministrative": "1424000000",
            "researchAndDevelopment": "157638861",
            "operatingExpenses": "-4225118891",
            "investmentIncomeNet": "None",
            "netInterestIncome": "None",
            "interestIncome": "589000000",
            "interestExpense": "584853422",
            "nonInterestIncome": "None",
            "otherNonOperatingIncome": "0",
            "depreciation": "None",
            "depreciationAndAmortization": "324550597",
            "incomeBeforeTax": "2680522990",
            "incomeTaxExpense": "723284187",
            "interestAndDebtExpense": "None",
            "netIncomeFromContinuingOperations": "18847748650.52",
            "comprehensiveIncomeNetOfTax": "None",
            "ebit": "3858840360",
            "ebitda": "4183390957",
            "netIncome": "1914186172"
        },
        {
            "fiscalDateEnding": "2019-09-30",
            "reportedCurrency": "GBP",
            "grossProfit": "6952795504",
            "totalRevenue": "8427090634",
            "costOfRevenue": "1474295129",
            "costofGoodsAndServicesSold": "1474295129",
            "operatingIncome": "3581836290",
            "sellingGeneralAndAdministrative": "4558075708.25",
            "researchAndDevelopment": "146322869",
            "operatingExpenses": "-3921821781",
            "investmentIncomeNet": "None",
            "netInterestIncome": "None",
            "interestIncome": "None",
            "interestExpense": "542870141",
            "nonInterestIncome": "None",
            "otherNonOperatingIncome": "0",
            "depreciation": "None",
            "depreciationAndAmortization": "301252967",
            "incomeBeforeTax": "2488103581",
            "incomeTaxExpense": "671363753",
            "interestAndDebtExpense": "None",
            "netIncomeFromContinuingOperations": "9458647273.82",
            "comprehensiveIncomeNetOfTax": "None",
            "ebit": "3581836290",
            "ebitda": "3883089257",
            "netIncome": "1776777699"
        },
        {
            "fiscalDateEnding": "2019-06-30",
            "reportedCurrency": "GBP",
            "grossProfit": "6417550320",
            "totalRevenue": "7727474760",
            "costOfRevenue": "1309924439",
            "costofGoodsAndServicesSold": "1309924439",
            "operatingIncome": "2912565877",
            "sellingGeneralAndAdministrative": "1433000000",
            "researchAndDevelopment": "87624611",
            "operatingExpenses": "-3442123309",
            "investmentIncomeNet": "None",
            "netInterestIncome": "None",
            "interestIncome": "515000000",
            "interestExpense": "521302939",
            "nonInterestIncome": "None",
            "otherNonOperatingIncome": "0",
            "depreciation": "None",
            "depreciationAndAmortization": "320020318",
            "incomeBeforeTax": "2454124071",
            "incomeTaxExpense": "616547082",
            "interestAndDebtExpense": "None",
            "netIncomeFromContinuingOperations": "11909458730.73",
            "comprehensiveIncomeNetOfTax": "None",
            "ebit": "2912565877",
            "ebitda": "3232586195",
            "netIncome": "1786780113"
        },
        {
            "fiscalDateEnding": "2019-03-31",
            "reportedCurrency": "GBP",
            "grossProfit": "6581706411",
            "totalRevenue": "7925137729",
            "costOfRevenue": "1343431317",
            "costofGoodsAndServicesSold": "1343431317",
            "operatingIncome": "2987067112",
            "sellingGeneralAndAdministrative": "8146270619.95",
            "researchAndDevelopment": "89865982",
            "operatingExpenses": "-3530170224",
            "investmentIncomeNet": "None",
            "netInterestIncome": "None",
            "interestIncome": "None",
            "interestExpense": "534637475",
            "nonInterestIncome": "None",
            "otherNonOperatingIncome": "0",
            "depreciation": "None",
            "depreciationAndAmortization": "328206197",
            "incomeBeforeTax": "2516898711",
            "incomeTaxExpense": "632317891",
            "interestAndDebtExpense": "None",
            "netIncomeFromContinuingOperations": "16451714706.42",
            "comprehensiveIncomeNetOfTax": "None",
            "ebit": "2987067112",
            "ebitda": "3315273309",
            "netIncome": "1832484599"
        },
        {
            "fiscalDateEnding": "2018-12-31",
            "reportedCurrency": "GBP",
            "grossProfit": "6687021149",
            "totalRevenue": "8194485167",
            "costOfRevenue": "1507464018",
            "costofGoodsAndServicesSold": "1507464018",
            "operatingIncome": "3453463024",
            "sellingGeneralAndAdministrative": "1456000000",
            "researchAndDevelopment": "235840036",
            "operatingExpenses": "-3369962903",
            "investmentIncomeNet": "None",
            "netInterestIncome": "None",
            "interestIncome": "493000000",
            "interestExpense": "523947324",
            "nonInterestIncome": "None",
            "otherNonOperatingIncome": "0",
            "depreciation": "None",
            "depreciationAndAmortization": "248588147",
            "incomeBeforeTax": "2793110921",
            "incomeTaxExpense": "604260418",
            "interestAndDebtExpense": "None",
            "netIncomeFromContinuingOperations": "7405233213",
            "comprehensiveIncomeNetOfTax": "None",
            "ebit": "3453463024",
            "ebitda": "3702051171",
            "netIncome": "2130209196"
        },
        {
            "fiscalDateEnding": "2018-09-30",
            "reportedCurrency": "GBP",
            "grossProfit": "6897562882",
            "totalRevenue": "8377427342",
            "costOfRevenue": "1479864459",
            "costofGoodsAndServicesSold": "1479864459",
            "operatingIncome": "3530561709",
            "sellingGeneralAndAdministrative": "1061040824.31",
            "researchAndDevelopment": "95138798",
            "operatingExpenses": "-3539032972",
            "investmentIncomeNet": "None",
            "netInterestIncome": "None",
            "interestIncome": "None",
            "interestExpense": "503062687",
            "nonInterestIncome": "None",
            "otherNonOperatingIncome": "0",
            "depreciation": "None",
            "depreciationAndAmortization": "254137886",
            "incomeBeforeTax": "2855467222",
            "incomeTaxExpense": "617750553",
            "interestAndDebtExpense": "None",
            "netIncomeFromContinuingOperations": "2239467849.22",
            "comprehensiveIncomeNetOfTax": "None",
            "ebit": "3530561709",
            "ebitda": "3784699595",
            "netIncome": "2177766193"
        },
        {
            "fiscalDateEnding": "2018-06-30",
            "reportedCurrency": "GBP",
            "grossProfit": "6174851848",
            "totalRevenue": "7678804756",
            "costOfRevenue": "1503952908",
            "costofGoodsAndServicesSold": "1503952908",
            "operatingIncome": "3044861219",
            "sellingGeneralAndAdministrative": "1373000000",
            "researchAndDevelopment": "73910805",
            "operatingExpenses": "-3048160808",
            "investmentIncomeNet": "None",
            "netInterestIncome": "None",
            "interestIncome": "469000000",
            "interestExpense": "507476869",
            "nonInterestIncome": "None",
            "otherNonOperatingIncome": "0",
            "depreciation": "None",
            "depreciationAndAmortization": "270566341",
            "incomeBeforeTax": "2619214169",
            "incomeTaxExpense": "787282062",
            "interestAndDebtExpense": "None",
            "netIncomeFromContinuingOperations": "7151941632.83",
            "comprehensiveIncomeNetOfTax": "None",
            "ebit": "3044861219",
            "ebitda": "3315427560",
            "netIncome": "1775179167"
        },
        {
            "fiscalDateEnding": "2018-03-31",
            "reportedCurrency": "GBP",
            "grossProfit": "6564288921",
            "totalRevenue": "8163093501",
            "costOfRevenue": "1598804579",
            "costofGoodsAndServicesSold": "1598804579",
            "operatingIncome": "3236895274",
            "sellingGeneralAndAdministrative": "964185393.26",
            "researchAndDevelopment": "78572230",
            "operatingExpenses": "-3240402963",
            "investmentIncomeNet": "None",
            "netInterestIncome": "None",
            "interestIncome": "None",
            "interestExpense": "539482545",
            "nonInterestIncome": "None",
            "otherNonOperatingIncome": "0",
            "depreciation": "None",
            "depreciationAndAmortization": "287630486",
            "incomeBeforeTax": "2784403412",
            "incomeTaxExpense": "836934560",
            "interestAndDebtExpense": "None",
            "netIncomeFromContinuingOperations": "1949438202.25",
            "comprehensiveIncomeNetOfTax": "None",
            "ebit": "3236895274",
            "ebitda": "3524525760",
            "netIncome": "1887136603"
        },
        {
            "fiscalDateEnding": "2017-12-31",
            "reportedCurrency": "GBP",
            "grossProfit": "6111028607",
            "totalRevenue": "8198890253",
            "costOfRevenue": "2087861646",
            "costofGoodsAndServicesSold": "2087861646",
            "operatingIncome": "2965398063",
            "sellingGeneralAndAdministrative": "1392000000",
            "researchAndDevelopment": "128930350",
            "operatingExpenses": "12252433475",
            "investmentIncomeNet": "None",
            "netInterestIncome": "None",
            "interestIncome": "22662000000",
            "interestExpense": "475219721",
            "nonInterestIncome": "None",
            "otherNonOperatingIncome": "0",
            "depreciation": "None",
            "depreciationAndAmortization": "258535730",
            "incomeBeforeTax": "17888242361",
            "incomeTaxExpense": "5946321772",
            "interestAndDebtExpense": "None",
            "netIncomeFromContinuingOperations": "89772646412.50",
            "comprehensiveIncomeNetOfTax": "None",
            "ebit": "2965398063",
            "ebitda": "3223933793",
            "netIncome": "23777186752"
        }
    ]
}