{
    "symbol": "DEO",
    "annualReports": [
        {
            "fiscalDateEnding": "2022-06-30",
            "reportedCurrency": "GBP",
            "grossProfit": "11538508357",
            "totalRevenue": "18809265864",
            "costOfRevenue": "7270757507",
            "costofGoodsAndServicesSold": "7270757507",
            "operatingIncome": "6176000158",
            "sellingGeneralAndAdministrative": "46256284",
            "researchAndDevelopment": "52342637",
            "operatingExpenses": "5070000000",
            "investmentIncomeNet": "None",
            "netInterestIncome": "-381000000",
            "interestIncome": "133000000",
            "interestExpense": "-446738323",
            "nonInterestIncome": "None",
            "otherNonOperatingIncome": "None",
            "depreciation": "None",
            "depreciationAndAmortization": "112419946",
            "incomeBeforeTax": "5340166279",
            "incomeTaxExpense": "1276916896",
            "interestAndDebtExpense": "None",
            "netIncomeFromContinuingOperations": "3338000000",
            "comprehensiveIncomeNetOfTax": "None",
            "ebit": "6176000158",
            "ebitda": "6288420104",
            "netIncome": "3249000000"
        },
        {
            "fiscalDateEnding": "2021-06-30",
            "reportedCurrency": "GBP",
            "grossProfit": "7695000000",
            "totalRevenue": "12733000000",
            "costOfRevenue": "5038000000",
            "costofGoodsAndServicesSold": "5038000000",
            "operatingIncome": "3731000000",
            "sellingGeneralAndAdministrative": "2163000000",
            "researchAndDevelopment": "40000000",
            "operatingExpenses": "3964000000",
            "investmentIncomeNet": "None",
            "netInterestIncome": "-365000000",
            "interestIncome": "20000000",
            "interestExpense": "496000000",
            "nonInterestIncome": "None",
            "otherNonOperatingIncome": "None",
            "depreciation": "None",
            "depreciationAndAmortization": "447000000",
            "incomeBeforeTax": "3706000000",
            "incomeTaxExpense": "907000000",
            "interestAndDebtExpense": "None",
            "netIncomeFromContinuingOperations": "2799000000",
            "comprehensiveIncomeNetOfTax": "None",
            "ebit": "4063000000",
            "ebitda": "4510000000",
            "netIncome": "2660000000"
        },
        {
            "fiscalDateEnding": "2020-06-30",
            "reportedCurrency": "USD",
            "grossProfit": "7098000000",
            "totalRevenue": "11752000000",
            "costOfRevenue": "4654000000",
            "costofGoodsAndServicesSold": "4654000000",
            "operatingIncome": "3488000000",
            "sellingGeneralAndAdministrative": "1841000000",
            "researchAndDevelopment": "34000000",
            "operatingExpenses": "12123000000",
            "investmentIncomeNet": "None",
            "netInterestIncome": "-359000000",
            "interestIncome": "45000000",
            "interestExpense": "571000000",
            "nonInterestIncome": "None",
            "otherNonOperatingIncome": "None",
            "depreciation": "None",
            "depreciationAndAmortization": "1839000000",
            "incomeBeforeTax": "2043000000",
            "incomeTaxExpense": "589000000",
            "interestAndDebtExpense": "None",
            "netIncomeFromContinuingOperations": "1454000000",
            "comprehensiveIncomeNetOfTax": "None",
            "ebit": "2569000000",
            "ebitda": "4408000000",
            "netIncome": "1409000000"
        },
        {
            "fiscalDateEnding": "2019-06-30",
            "reportedCurrency": "USD",
            "grossProfit": "8001000000",
            "totalRevenue": "12867000000",
            "costOfRevenue": "4866000000",
            "costofGoodsAndServicesSold": "4866000000",
            "operatingIncome": "4042000000",
            "sellingGeneralAndAdministrative": "2042000000",
            "researchAndDevelopment": "35000000",
            "operatingExpenses": "3959000000",
            "investmentIncomeNet": "None",
            "netInterestIncome": "-271000000",
            "interestIncome": "74000000",
            "interestExpense": "506000000",
            "nonInterestIncome": "None",
            "otherNonOperatingIncome": "0",
            "depreciation": "None",
            "depreciationAndAmortization": "374000000",
            "incomeBeforeTax": "4235000000",
            "incomeTaxExpense": "898000000",
            "interestAndDebtExpense": "None",
            "netIncomeFromContinuingOperations": "3337000000",
            "comprehensiveIncomeNetOfTax": "None",
            "ebit": "4721000000",
            "ebitda": "5095000000",
            "netIncome": "3160000000"
        },
        {
            "fiscalDateEnding": "2018-06-30",
            "reportedCurrency": "USD",
            "grossProfit": "7529000000",
            "totalRevenue": "12163000000",
            "costOfRevenue": "4634000000",
            "costofGoodsAndServicesSold": "4634000000",
            "operatingIncome": "3691000000",
            "sellingGeneralAndAdministrative": "1882000000",
            "researchAndDevelopment": "36000000",
            "operatingExpenses": "3838000000",
            "investmentIncomeNet": "None",
            "netInterestIncome": "-277000000",
            "interestIncome": "86000000",
            "interestExpense": "409000000",
            "nonInterestIncome": "None",
            "otherNonOperatingIncome": "0",
            "depreciation": "None",
            "depreciationAndAmortization": "493000000",
            "incomeBeforeTax": "3740000000",
            "incomeTaxExpense": "596000000",
            "interestAndDebtExpense": "None",
            "netIncomeFromContinuingOperations": "3144000000",
            "comprehensiveIncomeNetOfTax": "None",
            "ebit": "4089000000",
            "ebitda": "4582000000",
            "netIncome": "3022000000"
        }
    ],
    "quarterlyReports": [
        {
            "fiscalDateEnding": "2022-12-31",
            "reportedCurrency": "USD",
            "grossProfit": "3532917482",
            "totalRevenue": "5693769492",
            "costOfRevenue": "2160852010",
            "costofGoodsAndServicesSold": "2160852010",
            "operatingIncome": "2298662991",
            "sellingGeneralAndAdministrative": "-13297550",
            "researchAndDevelopment": "None",
            "operatingExpenses": "-1504436546",
            "investmentIncomeNet": "None",
            "netInterestIncome": "None",
            "interestIncome": "117000000",
            "interestExpense": "-180725804",
            "nonInterestIncome": "None",
            "otherNonOperatingIncome": "None",
            "depreciation": "None",
            "depreciationAndAmortization": "-169845990",
            "incomeBeforeTax": "1847755131",
            "incomeTaxExpense": "392882183",
            "interestAndDebtExpense": "None",
            "netIncomeFromContinuingOperations": "None",
            "comprehensiveIncomeNetOfTax": "None",
            "ebit": "2298662991",
            "ebitda": "2128817001",
            "netIncome": "1454872948"
        },
        {
            "fiscalDateEnding": "2022-09-30",
            "reportedCurrency": "None",
            "grossProfit": "3263576366",
            "totalRevenue": "5259690225",
            "costOfRevenue": "1996113859",
            "costofGoodsAndServicesSold": "1996113859",
            "operatingIncome": "2123418463",
            "sellingGeneralAndAdministrative": "-12283778",
            "researchAndDevelopment": "None",
            "operatingExpenses": "-1389741928",
            "investmentIncomeNet": "None",
            "netInterestIncome": "None",
            "interestIncome": "None",
            "interestExpense": "-166947704",
            "nonInterestIncome": "None",
            "otherNonOperatingIncome": "None",
            "depreciation": "None",
            "depreciationAndAmortization": "-156897341",
            "incomeBeforeTax": "1706886732",
            "incomeTaxExpense": "362929792",
            "interestAndDebtExpense": "None",
            "netIncomeFromContinuingOperations": "None",
            "comprehensiveIncomeNetOfTax": "None",
            "ebit": "2123418463",
            "ebitda": "1966521122",
            "netIncome": "1343956940"
        },
        {
            "fiscalDateEnding": "2022-06-30",
            "reportedCurrency": "GBP",
            "grossProfit": "2726686224",
            "totalRevenue": "4561721707",
            "costOfRevenue": "1835035483",
            "costofGoodsAndServicesSold": "1835035483",
            "operatingIncome": "1419337561",
            "sellingGeneralAndAdministrative": "26171319",
            "researchAndDevelopment": "26171318",
            "operatingExpenses": "-1593407262",
            "investmentIncomeNet": "None",
            "netInterestIncome": "None",
            "interestIncome": "42000000",
            "interestExpense": "-119901157",
            "nonInterestIncome": "None",
            "otherNonOperatingIncome": "None",
            "depreciation": "None",
            "depreciationAndAmortization": "-82165768",
            "incomeBeforeTax": "1013377804",
            "incomeTaxExpense": "252583656",
            "interestAndDebtExpense": "None",
            "netIncomeFromContinuingOperations": "None",
            "comprehensiveIncomeNetOfTax": "None",
            "ebit": "1419337561",
            "ebitda": "1337171793",
            "netIncome": "760794148"
        },
        {
            "fiscalDateEnding": "2022-03-31",
            "reportedCurrency": "GBP",
            "grossProfit": "2942490082",
            "totalRevenue": "4922759635",
            "costOfRevenue": "1980269553",
            "costofGoodsAndServicesSold": "1980269553",
            "operatingIncome": "1531671176",
            "sellingGeneralAndAdministrative": "28242650",
            "researchAndDevelopment": "28242650",
            "operatingExpenses": "-1719517641",
            "investmentIncomeNet": "None",
            "netInterestIncome": "None",
            "interestIncome": "None",
            "interestExpense": "-129390746",
            "nonInterestIncome": "None",
            "otherNonOperatingIncome": "None",
            "depreciation": "None",
            "depreciationAndAmortization": "-88668786",
            "incomeBeforeTax": "1093581693",
            "incomeTaxExpense": "272574416",
            "interestAndDebtExpense": "None",
            "netIncomeFromContinuingOperations": "None",
            "comprehensiveIncomeNetOfTax": "None",
            "ebit": "1531671176",
            "ebitda": "1443002390",
            "netIncome": "821007277"
        },
        {
            "fiscalDateEnding": "2021-12-31",
            "reportedCurrency": "GBP",
            "grossProfit": "3380123602",
            "totalRevenue": "5380204741",
            "costOfRevenue": "2000081139",
            "costofGoodsAndServicesSold": "2000081139",
            "operatingIncome": "2158978727",
            "sellingGeneralAndAdministrative": "3380800",
            "researchAndDevelopment": "None",
            "operatingExpenses": "-1424669019",
            "investmentIncomeNet": "None",
            "netInterestIncome": "None",
            "interestIncome": "20000000",
            "interestExpense": "114947191",
            "nonInterestIncome": "None",
            "otherNonOperatingIncome": "None",
            "depreciation": "None",
            "depreciationAndAmortization": "-151459829",
            "incomeBeforeTax": "1840507390",
            "incomeTaxExpense": "428685409",
            "interestAndDebtExpense": "None",
            "netIncomeFromContinuingOperations": "None",
            "comprehensiveIncomeNetOfTax": "None",
            "ebit": "2158978727",
            "ebitda": "2007518898",
            "netIncome": "1411821981"
        },
        {
            "fiscalDateEnding": "2021-09-30",
            "reportedCurrency": "GBP",
            "grossProfit": "3368144454",
            "totalRevenue": "5361137312",
            "costOfRevenue": "1992992858",
            "costofGoodsAndServicesSold": "1992992858",
            "operatingIncome": "1849481201",
            "sellingGeneralAndAdministrative": "None",
            "researchAndDevelopment": "None",
            "operatingExpenses": "-1419619997",
            "investmentIncomeNet": "None",
            "netInterestIncome": "None",
            "interestIncome": "None",
            "interestExpense": "114539819",
            "nonInterestIncome": "None",
            "otherNonOperatingIncome": "None",
            "depreciation": "None",
            "depreciationAndAmortization": "-150923057",
            "incomeBeforeTax": "1833984638",
            "incomeTaxExpense": "427166150",
            "interestAndDebtExpense": "None",
            "netIncomeFromContinuingOperations": "None",
            "comprehensiveIncomeNetOfTax": "None",
            "ebit": "2151327315",
            "ebitda": "2000404258",
            "netIncome": "1323945559"
        },
        {
            "fiscalDateEnding": "2021-06-30",
            "reportedCurrency": "GBP",
            "grossProfit": "2406872034",
            "totalRevenue": "4052259554",
            "costOfRevenue": "1645387520",
            "costofGoodsAndServicesSold": "1645387520",
            "operatingIncome": "1031220173",
            "sellingGeneralAndAdministrative": "1078000000",
            "researchAndDevelopment": "27665195",
            "operatingExpenses": "-1255999889",
            "investmentIncomeNet": "None",
            "netInterestIncome": "None",
            "interestIncome": "18000000",
            "interestExpense": "107894263",
            "nonInterestIncome": "None",
            "otherNonOperatingIncome": "None",
            "depreciation": "None",
            "depreciationAndAmortization": "-63629950",
            "incomeBeforeTax": "1042977881",
            "incomeTaxExpense": "255903061",
            "interestAndDebtExpense": "None",
            "netIncomeFromContinuingOperations": "None",
            "comprehensiveIncomeNetOfTax": "None",
            "ebit": "1158480073",
            "ebitda": "1094850123",
            "netIncome": "746960286"
        },
        {
            "fiscalDateEnding": "2021-03-31",
            "reportedCurrency": "GBP",
            "grossProfit": "2398577395",
            "totalRevenue": "4038294528",
            "costOfRevenue": "1639717133",
            "costofGoodsAndServicesSold": "1639717133",
            "operatingIncome": "1027666349",
            "sellingGeneralAndAdministrative": "None",
            "researchAndDevelopment": "27569855",
            "operatingExpenses": "-1251671422",
            "investmentIncomeNet": "None",
            "netInterestIncome": "None",
            "interestIncome": "None",
            "interestExpense": "107522434",
            "nonInterestIncome": "None",
            "otherNonOperatingIncome": "None",
            "depreciation": "None",
            "depreciationAndAmortization": "-63410667",
            "incomeBeforeTax": "1039383538",
            "incomeTaxExpense": "255021159",
            "interestAndDebtExpense": "None",
            "netIncomeFromContinuingOperations": "None",
            "comprehensiveIncomeNetOfTax": "None",
            "ebit": "1154487683",
            "ebitda": "1091077016",
            "netIncome": "744386088"
        },
        {
            "fiscalDateEnding": "2020-12-31",
            "reportedCurrency": "USD",
            "grossProfit": "2878632478",
            "totalRevenue": "4700170940",
            "costOfRevenue": "1821538461",
            "costofGoodsAndServicesSold": "1821538461",
            "operatingIncome": "1541880341",
            "sellingGeneralAndAdministrative": "541500000",
            "researchAndDevelopment": "None",
            "operatingExpenses": "-1247179487",
            "investmentIncomeNet": "None",
            "netInterestIncome": "None",
            "interestIncome": "38000000",
            "interestExpense": "128547008",
            "nonInterestIncome": "None",
            "otherNonOperatingIncome": "None",
            "depreciation": "None",
            "depreciationAndAmortization": "-149743590",
            "incomeBeforeTax": "1502905982",
            "incomeTaxExpense": "367179487",
            "interestAndDebtExpense": "None",
            "netIncomeFromContinuingOperations": "None",
            "comprehensiveIncomeNetOfTax": "None",
            "ebit": "1841367521",
            "ebitda": "1691623931",
            "netIncome": "1080341880"
        },
        {
            "fiscalDateEnding": "2020-09-30",
            "reportedCurrency": "GBP",
            "grossProfit": "2716129032",
            "totalRevenue": "4434838709",
            "costOfRevenue": "1718709677",
            "costofGoodsAndServicesSold": "1718709677",
            "operatingIncome": "1454838709",
            "sellingGeneralAndAdministrative": "None",
            "researchAndDevelopment": "None",
            "operatingExpenses": "-1176774193",
            "investmentIncomeNet": "None",
            "netInterestIncome": "None",
            "interestIncome": "None",
            "interestExpense": "121290322",
            "nonInterestIncome": "None",
            "otherNonOperatingIncome": "None",
            "depreciation": "None",
            "depreciationAndAmortization": "-141290323",
            "incomeBeforeTax": "1418064516",
            "incomeTaxExpense": "346451612",
            "interestAndDebtExpense": "None",
            "netIncomeFromContinuingOperations": "None",
            "comprehensiveIncomeNetOfTax": "None",
            "ebit": "1737419355",
            "ebitda": "1596129032",
            "netIncome": "1019354838"
        },
        {
            "fiscalDateEnding": "2020-06-30",
            "reportedCurrency": "USD",
            "grossProfit": "1618858806",
            "totalRevenue": "2820147450",
            "costOfRevenue": "1201288643",
            "costofGoodsAndServicesSold": "1201288643",
            "operatingIncome": "626355244",
            "sellingGeneralAndAdministrative": "360000000",
            "researchAndDevelopment": "21064370",
            "operatingExpenses": "-1764450777",
            "investmentIncomeNet": "None",
            "netInterestIncome": "None",
            "interestIncome": "76000000",
            "interestExpense": "115234496",
            "nonInterestIncome": "None",
            "otherNonOperatingIncome": "None",
            "depreciation": "None",
            "depreciationAndAmortization": "-950994362",
            "incomeBeforeTax": "-260826466",
            "incomeTaxExpense": "36552877",
            "interestAndDebtExpense": "None",
            "netIncomeFromContinuingOperations": "None",
            "comprehensiveIncomeNetOfTax": "None",
            "ebit": "2528343968",
            "ebitda": "1577349606",
            "netIncome": "-282510377"
        },
        {
            "fiscalDateEnding": "2020-03-31",
            "reportedCurrency": "GBP",
            "grossProfit": "1613163914",
            "totalRevenue": "2829719514",
            "costOfRevenue": "1216555599",
            "costofGoodsAndServicesSold": "1216555599",
            "operatingIncome": "617291625",
            "sellingGeneralAndAdministrative": "360000000",
            "researchAndDevelopment": "21135866",
            "operatingExpenses": "-1759250049",
            "investmentIncomeNet": "None",
            "netInterestIncome": "None",
            "interestIncome": "None",
            "interestExpense": "115625621",
            "nonInterestIncome": "None",
            "otherNonOperatingIncome": "None",
            "depreciation": "None",
            "depreciationAndAmortization": "-61542669",
            "incomeBeforeTax": "-261711756",
            "incomeTaxExpense": "36676944",
            "interestAndDebtExpense": "None",
            "netIncomeFromContinuingOperations": "None",
            "comprehensiveIncomeNetOfTax": "None",
            "ebit": "740376963",
            "ebitda": "678834294",
            "netIncome": "-283469265"
        },
        {
            "fiscalDateEnding": "2019-12-31",
            "reportedCurrency": "GBP",
            "grossProfit": "2976592616",
            "totalRevenue": "4768906728",
            "costOfRevenue": "1792314112",
            "costofGoodsAndServicesSold": "1792314112",
            "operatingIncome": "1656532739",
            "sellingGeneralAndAdministrative": "1116000000",
            "researchAndDevelopment": "0",
            "operatingExpenses": "-1243227490",
            "investmentIncomeNet": "None",
            "netInterestIncome": "None",
            "interestIncome": "31000000",
            "interestExpense": "101339267",
            "nonInterestIncome": "None",
            "otherNonOperatingIncome": "0",
            "depreciation": "None",
            "depreciationAndAmortization": "-150353032",
            "incomeBeforeTax": "1632025858",
            "incomeTaxExpense": "351044523",
            "interestAndDebtExpense": "None",
            "netIncomeFromContinuingOperations": "28822775342.22",
            "comprehensiveIncomeNetOfTax": "None",
            "ebit": "1957238803",
            "ebitda": "1806885771",
            "netIncome": "1235279312"
        },
        {
            "fiscalDateEnding": "2019-09-30",
            "reportedCurrency": "GBP",
            "grossProfit": "2762920063",
            "totalRevenue": "4426574200",
            "costOfRevenue": "1663654137",
            "costofGoodsAndServicesSold": "1663654137",
            "operatingIncome": "1537619732",
            "sellingGeneralAndAdministrative": "6609118102.24",
            "researchAndDevelopment": "0",
            "operatingExpenses": "-1153983302",
            "investmentIncomeNet": "None",
            "netInterestIncome": "None",
            "interestIncome": "None",
            "interestExpense": "94064701",
            "nonInterestIncome": "None",
            "otherNonOperatingIncome": "0",
            "depreciation": "None",
            "depreciationAndAmortization": "-139560048",
            "incomeBeforeTax": "1514872059",
            "incomeTaxExpense": "325845045",
            "interestAndDebtExpense": "None",
            "netIncomeFromContinuingOperations": "11494635260.60",
            "comprehensiveIncomeNetOfTax": "None",
            "ebit": "1816739828",
            "ebitda": "1677179780",
            "netIncome": "1146605678"
        },
        {
            "fiscalDateEnding": "2019-06-30",
            "reportedCurrency": "GBP",
            "grossProfit": "2286494380",
            "totalRevenue": "3783732300",
            "costOfRevenue": "1497237919",
            "costofGoodsAndServicesSold": "1497237919",
            "operatingIncome": "1060384786",
            "sellingGeneralAndAdministrative": "988000000",
            "researchAndDevelopment": "22223633",
            "operatingExpenses": "-1190551781",
            "investmentIncomeNet": "None",
            "netInterestIncome": "None",
            "interestIncome": "9000000",
            "interestExpense": "74925392",
            "nonInterestIncome": "None",
            "otherNonOperatingIncome": "0",
            "depreciation": "None",
            "depreciationAndAmortization": "-158105276",
            "incomeBeforeTax": "1021017207",
            "incomeTaxExpense": "214616801",
            "interestAndDebtExpense": "None",
            "netIncomeFromContinuingOperations": "10552087461.43",
            "comprehensiveIncomeNetOfTax": "None",
            "ebit": "1376595338",
            "ebitda": "1218490062",
            "netIncome": "751793764"
        },
        {
            "fiscalDateEnding": "2019-03-31",
            "reportedCurrency": "GBP",
            "grossProfit": "2344981180",
            "totalRevenue": "3880517315",
            "costOfRevenue": "1535536135",
            "costofGoodsAndServicesSold": "1535536135",
            "operatingIncome": "1087508628",
            "sellingGeneralAndAdministrative": "12565517333.59",
            "researchAndDevelopment": "22792097",
            "operatingExpenses": "-1221005196",
            "investmentIncomeNet": "None",
            "netInterestIncome": "None",
            "interestIncome": "None",
            "interestExpense": "76841927",
            "nonInterestIncome": "None",
            "otherNonOperatingIncome": "0",
            "depreciation": "None",
            "depreciationAndAmortization": "-84005157",
            "incomeBeforeTax": "1047134056",
            "incomeTaxExpense": "220106536",
            "interestAndDebtExpense": "None",
            "netIncomeFromContinuingOperations": "16234188213.18",
            "comprehensiveIncomeNetOfTax": "None",
            "ebit": "1255518942",
            "ebitda": "1171513785",
            "netIncome": "771024081"
        },
        {
            "fiscalDateEnding": "2018-12-31",
            "reportedCurrency": "GBP",
            "grossProfit": "4400000000",
            "totalRevenue": "6908000000",
            "costOfRevenue": "2508000000",
            "costofGoodsAndServicesSold": "2508000000",
            "operatingIncome": "2576000000",
            "sellingGeneralAndAdministrative": "1054000000",
            "researchAndDevelopment": "0",
            "operatingExpenses": "5901965631.03",
            "investmentIncomeNet": "None",
            "netInterestIncome": "None",
            "interestIncome": "65000000",
            "interestExpense": "378891620.76",
            "nonInterestIncome": "None",
            "otherNonOperatingIncome": "0",
            "depreciation": "None",
            "depreciationAndAmortization": "None",
            "incomeBeforeTax": "2627000000",
            "incomeTaxExpense": "741885690.98",
            "interestAndDebtExpense": "None",
            "netIncomeFromContinuingOperations": "2738353077.30",
            "comprehensiveIncomeNetOfTax": "None",
            "ebit": "3249724285.74",
            "ebitda": "None",
            "netIncome": "1976000000"
        },
        {
            "fiscalDateEnding": "2018-09-30",
            "reportedCurrency": "USD",
            "grossProfit": "2867196663",
            "totalRevenue": "4501498761",
            "costOfRevenue": "1634302098",
            "costofGoodsAndServicesSold": "1634302098",
            "operatingIncome": "1598462139",
            "sellingGeneralAndAdministrative": "686057127.95",
            "researchAndDevelopment": "0",
            "operatingExpenses": "-1073895477",
            "investmentIncomeNet": "None",
            "netInterestIncome": "None",
            "interestIncome": "None",
            "interestExpense": "81454450",
            "nonInterestIncome": "None",
            "otherNonOperatingIncome": "0",
            "depreciation": "None",
            "depreciationAndAmortization": "-120552587",
            "incomeBeforeTax": "1711846735",
            "incomeTaxExpense": "364915938",
            "interestAndDebtExpense": "None",
            "netIncomeFromContinuingOperations": "1347984870.22",
            "comprehensiveIncomeNetOfTax": "None",
            "ebit": "1839567313",
            "ebitda": "1719014726",
            "netIncome": "1287631956"
        },
        {
            "fiscalDateEnding": "2018-06-30",
            "reportedCurrency": "GBP",
            "grossProfit": "2268797761",
            "totalRevenue": "3717317565",
            "costOfRevenue": "1448519804",
            "costofGoodsAndServicesSold": "1448519804",
            "operatingIncome": "1072366597",
            "sellingGeneralAndAdministrative": "914000000",
            "researchAndDevelopment": "23757044",
            "operatingExpenses": "-1175313790",
            "investmentIncomeNet": "None",
            "netInterestIncome": "None",
            "interestIncome": "42000000",
            "interestExpense": "79850066",
            "nonInterestIncome": "None",
            "otherNonOperatingIncome": "0",
            "depreciation": "None",
            "depreciationAndAmortization": "-155740626",
            "incomeBeforeTax": "1013633903",
            "incomeTaxExpense": "342497393",
            "interestAndDebtExpense": "None",
            "netIncomeFromContinuingOperations": "1516982674.95",
            "comprehensiveIncomeNetOfTax": "None",
            "ebit": "1383847849",
            "ebitda": "1228107223",
            "netIncome": "636160861"
        },
        {
            "fiscalDateEnding": "2018-03-31",
            "reportedCurrency": "USD",
            "grossProfit": "2411886856",
            "totalRevenue": "3951762262",
            "costOfRevenue": "1539875406",
            "costofGoodsAndServicesSold": "1539875406",
            "operatingIncome": "1139998877",
            "sellingGeneralAndAdministrative": "644662921.35",
            "researchAndDevelopment": "25255359",
            "operatingExpenses": "-1249438769",
            "investmentIncomeNet": "None",
            "netInterestIncome": "None",
            "interestIncome": "None",
            "interestExpense": "84886070",
            "nonInterestIncome": "None",
            "otherNonOperatingIncome": "None",
            "depreciation": "None",
            "depreciationAndAmortization": "-88393759",
            "incomeBeforeTax": "1077562015",
            "incomeTaxExpense": "364098103",
            "interestAndDebtExpense": "None",
            "netIncomeFromContinuingOperations": "714185393.26",
            "comprehensiveIncomeNetOfTax": "None",
            "ebit": "1316786395",
            "ebitda": "1228392636",
            "netIncome": "676282411"
        },
        {
            "fiscalDateEnding": "2017-12-31",
            "reportedCurrency": "GBP",
            "grossProfit": "4091000000",
            "totalRevenue": "6530000000",
            "costOfRevenue": "2439000000",
            "costofGoodsAndServicesSold": "2439000000",
            "operatingIncome": "2190000000",
            "sellingGeneralAndAdministrative": "968000000",
            "researchAndDevelopment": "0",
            "operatingExpenses": "0",
            "investmentIncomeNet": "None",
            "netInterestIncome": "None",
            "interestIncome": "44000000",
            "interestExpense": "682761804.66",
            "nonInterestIncome": "None",
            "otherNonOperatingIncome": "0",
            "depreciation": "None",
            "depreciationAndAmortization": "None",
            "incomeBeforeTax": "2204000000",
            "incomeTaxExpense": "256453255.83",
            "interestAndDebtExpense": "None",
            "netIncomeFromContinuingOperations": "0",
            "comprehensiveIncomeNetOfTax": "None",
            "ebit": "0",
            "ebitda": "None",
            "netIncome": "2058000000"
        }
    ]
}