{
    "symbol": "CNQ",
    "annualReports": [
        {
            "fiscalDateEnding": "2022-12-31",
            "reportedCurrency": "USD",
            "grossProfit": "16260000000",
            "totalRevenue": "49530000000",
            "costOfRevenue": "33270000000",
            "costofGoodsAndServicesSold": "33270000000",
            "operatingIncome": "14760000000",
            "sellingGeneralAndAdministrative": "1219000000",
            "researchAndDevelopment": "None",
            "operatingExpenses": "1500000000",
            "investmentIncomeNet": "None",
            "netInterestIncome": "-549000000",
            "interestIncome": "1056000000",
            "interestExpense": "549000000",
            "nonInterestIncome": "None",
            "otherNonOperatingIncome": "None",
            "depreciation": "None",
            "depreciationAndAmortization": "7353000000",
            "incomeBeforeTax": "13704000000",
            "incomeTaxExpense": "2767000000",
            "interestAndDebtExpense": "None",
            "netIncomeFromContinuingOperations": "10937000000",
            "comprehensiveIncomeNetOfTax": "None",
            "ebit": "14760000000",
            "ebitda": "22113000000",
            "netIncome": "10937000000"
        },
        {
            "fiscalDateEnding": "2021-12-31",
            "reportedCurrency": "CAD",
            "grossProfit": "10577000000",
            "totalRevenue": "32854000000",
            "costOfRevenue": "22277000000",
            "costofGoodsAndServicesSold": "22277000000",
            "operatingIncome": "9512000000",
            "sellingGeneralAndAdministrative": "880000000",
            "researchAndDevelopment": "None",
            "operatingExpenses": "1065000000",
            "investmentIncomeNet": "None",
            "netInterestIncome": "-711000000",
            "interestIncome": "479000000",
            "interestExpense": "711000000",
            "nonInterestIncome": "None",
            "otherNonOperatingIncome": "None",
            "depreciation": "None",
            "depreciationAndAmortization": "5724000000",
            "incomeBeforeTax": "9911000000",
            "incomeTaxExpense": "2247000000",
            "interestAndDebtExpense": "None",
            "netIncomeFromContinuingOperations": "7664000000",
            "comprehensiveIncomeNetOfTax": "None",
            "ebit": "9512000000",
            "ebitda": "15236000000",
            "netIncome": "7664000000"
        },
        {
            "fiscalDateEnding": "2020-12-31",
            "reportedCurrency": "USD",
            "grossProfit": "69000000",
            "totalRevenue": "17491000000",
            "costOfRevenue": "17422000000",
            "costofGoodsAndServicesSold": "17422000000",
            "operatingIncome": "-445000000",
            "sellingGeneralAndAdministrative": "309000000",
            "researchAndDevelopment": "None",
            "operatingExpenses": "514000000",
            "investmentIncomeNet": "None",
            "netInterestIncome": "-756000000",
            "interestIncome": "645000000",
            "interestExpense": "756000000",
            "nonInterestIncome": "None",
            "otherNonOperatingIncome": "None",
            "depreciation": "None",
            "depreciationAndAmortization": "6046000000",
            "incomeBeforeTax": "-873000000",
            "incomeTaxExpense": "-438000000",
            "interestAndDebtExpense": "None",
            "netIncomeFromContinuingOperations": "-435000000",
            "comprehensiveIncomeNetOfTax": "None",
            "ebit": "-445000000",
            "ebitda": "5601000000",
            "netIncome": "-435000000"
        },
        {
            "fiscalDateEnding": "2019-12-31",
            "reportedCurrency": "USD",
            "grossProfit": "6349000000",
            "totalRevenue": "24394000000",
            "costOfRevenue": "18045000000",
            "costofGoodsAndServicesSold": "18045000000",
            "operatingIncome": "5592000000",
            "sellingGeneralAndAdministrative": "567000000",
            "researchAndDevelopment": "0",
            "operatingExpenses": "757000000",
            "investmentIncomeNet": "None",
            "netInterestIncome": "-836000000",
            "interestIncome": "636000000",
            "interestExpense": "836000000",
            "nonInterestIncome": "None",
            "otherNonOperatingIncome": "0",
            "depreciation": "None",
            "depreciationAndAmortization": "5546000000",
            "incomeBeforeTax": "4956000000",
            "incomeTaxExpense": "-460000000",
            "interestAndDebtExpense": "None",
            "netIncomeFromContinuingOperations": "5416000000",
            "comprehensiveIncomeNetOfTax": "None",
            "ebit": "5592000000",
            "ebitda": "11138000000",
            "netIncome": "5416000000"
        },
        {
            "fiscalDateEnding": "2018-12-31",
            "reportedCurrency": "USD",
            "grossProfit": "5213000000",
            "totalRevenue": "22282000000",
            "costOfRevenue": "17069000000",
            "costofGoodsAndServicesSold": "17069000000",
            "operatingIncome": "4848000000",
            "sellingGeneralAndAdministrative": "179000000",
            "researchAndDevelopment": "0",
            "operatingExpenses": "365000000",
            "investmentIncomeNet": "None",
            "netInterestIncome": "-739000000",
            "interestIncome": "1778000000",
            "interestExpense": "798000000",
            "nonInterestIncome": "None",
            "otherNonOperatingIncome": "0",
            "depreciation": "None",
            "depreciationAndAmortization": "5161000000",
            "incomeBeforeTax": "3522000000",
            "incomeTaxExpense": "931000000",
            "interestAndDebtExpense": "None",
            "netIncomeFromContinuingOperations": "2591000000",
            "comprehensiveIncomeNetOfTax": "None",
            "ebit": "4320000000",
            "ebitda": "9481000000",
            "netIncome": "2591000000"
        }
    ],
    "quarterlyReports": [
        {
            "fiscalDateEnding": "2023-03-31",
            "reportedCurrency": "USD",
            "grossProfit": "4132000000",
            "totalRevenue": "8630000000",
            "costOfRevenue": "4498000000",
            "costofGoodsAndServicesSold": "4498000000",
            "operatingIncome": "2450000000",
            "sellingGeneralAndAdministrative": "172000000",
            "researchAndDevelopment": "None",
            "operatingExpenses": "7098000000",
            "investmentIncomeNet": "None",
            "netInterestIncome": "-154000000",
            "interestIncome": "-162000000",
            "interestExpense": "154000000",
            "nonInterestIncome": "None",
            "otherNonOperatingIncome": "None",
            "depreciation": "None",
            "depreciationAndAmortization": "None",
            "incomeBeforeTax": "2288000000",
            "incomeTaxExpense": "None",
            "interestAndDebtExpense": "None",
            "netIncomeFromContinuingOperations": "1799000000",
            "comprehensiveIncomeNetOfTax": "None",
            "ebit": "None",
            "ebitda": "3860000000",
            "netIncome": "1799000000"
        },
        {
            "fiscalDateEnding": "2022-12-31",
            "reportedCurrency": "USD",
            "grossProfit": "1650000000",
            "totalRevenue": "11012000000",
            "costOfRevenue": "9362000000",
            "costofGoodsAndServicesSold": "9362000000",
            "operatingIncome": "1141000000",
            "sellingGeneralAndAdministrative": "427000000",
            "researchAndDevelopment": "None",
            "operatingExpenses": "509000000",
            "investmentIncomeNet": "None",
            "netInterestIncome": "-76000000",
            "interestIncome": "189000000",
            "interestExpense": "76000000",
            "nonInterestIncome": "None",
            "otherNonOperatingIncome": "None",
            "depreciation": "None",
            "depreciationAndAmortization": "3129000000",
            "incomeBeforeTax": "1330000000",
            "incomeTaxExpense": "-190000000",
            "interestAndDebtExpense": "None",
            "netIncomeFromContinuingOperations": "1520000000",
            "comprehensiveIncomeNetOfTax": "None",
            "ebit": "1141000000",
            "ebitda": "4270000000",
            "netIncome": "1520000000"
        },
        {
            "fiscalDateEnding": "2022-09-30",
            "reportedCurrency": "CAD",
            "grossProfit": "4692000000",
            "totalRevenue": "12574000000",
            "costOfRevenue": "7882000000",
            "costofGoodsAndServicesSold": "7882000000",
            "operatingIncome": "4520000000",
            "sellingGeneralAndAdministrative": "90000000",
            "researchAndDevelopment": "None",
            "operatingExpenses": "172000000",
            "investmentIncomeNet": "None",
            "netInterestIncome": "-150000000",
            "interestIncome": "755000000",
            "interestExpense": "150000000",
            "nonInterestIncome": "None",
            "otherNonOperatingIncome": "None",
            "depreciation": "None",
            "depreciationAndAmortization": "1454000000",
            "incomeBeforeTax": "3765000000",
            "incomeTaxExpense": "951000000",
            "interestAndDebtExpense": "None",
            "netIncomeFromContinuingOperations": "2814000000",
            "comprehensiveIncomeNetOfTax": "None",
            "ebit": "4520000000",
            "ebitda": "5974000000",
            "netIncome": "2814000000"
        },
        {
            "fiscalDateEnding": "2022-06-30",
            "reportedCurrency": "CAD",
            "grossProfit": "5143000000",
            "totalRevenue": "13812000000",
            "costOfRevenue": "8669000000",
            "costofGoodsAndServicesSold": "8669000000",
            "operatingIncome": "5033000000",
            "sellingGeneralAndAdministrative": "52000000",
            "researchAndDevelopment": "None",
            "operatingExpenses": "110000000",
            "investmentIncomeNet": "None",
            "netInterestIncome": "-160000000",
            "interestIncome": "501000000",
            "interestExpense": "160000000",
            "nonInterestIncome": "None",
            "otherNonOperatingIncome": "None",
            "depreciation": "None",
            "depreciationAndAmortization": "1363000000",
            "incomeBeforeTax": "4532000000",
            "incomeTaxExpense": "1030000000",
            "interestAndDebtExpense": "None",
            "netIncomeFromContinuingOperations": "3502000000",
            "comprehensiveIncomeNetOfTax": "None",
            "ebit": "5033000000",
            "ebitda": "6396000000",
            "netIncome": "3502000000"
        },
        {
            "fiscalDateEnding": "2022-03-31",
            "reportedCurrency": "CAD",
            "grossProfit": "4775000000",
            "totalRevenue": "12132000000",
            "costOfRevenue": "7357000000",
            "costofGoodsAndServicesSold": "7357000000",
            "operatingIncome": "4066000000",
            "sellingGeneralAndAdministrative": "650000000",
            "researchAndDevelopment": "None",
            "operatingExpenses": "709000000",
            "investmentIncomeNet": "None",
            "netInterestIncome": "-163000000",
            "interestIncome": "11000000",
            "interestExpense": "163000000",
            "nonInterestIncome": "None",
            "otherNonOperatingIncome": "None",
            "depreciation": "None",
            "depreciationAndAmortization": "1407000000",
            "incomeBeforeTax": "4077000000",
            "incomeTaxExpense": "976000000",
            "interestAndDebtExpense": "None",
            "netIncomeFromContinuingOperations": "3101000000",
            "comprehensiveIncomeNetOfTax": "None",
            "ebit": "4066000000",
            "ebitda": "5473000000",
            "netIncome": "3101000000"
        },
        {
            "fiscalDateEnding": "2021-12-31",
            "reportedCurrency": "CAD",
            "grossProfit": "3806000000",
            "totalRevenue": "10190000000",
            "costOfRevenue": "6384000000",
            "costofGoodsAndServicesSold": "6384000000",
            "operatingIncome": "3581000000",
            "sellingGeneralAndAdministrative": "288000000",
            "researchAndDevelopment": "None",
            "operatingExpenses": "334000000",
            "investmentIncomeNet": "None",
            "netInterestIncome": "-171000000",
            "interestIncome": "62000000",
            "interestExpense": "171000000",
            "nonInterestIncome": "None",
            "otherNonOperatingIncome": "None",
            "depreciation": "None",
            "depreciationAndAmortization": "1473000000",
            "incomeBeforeTax": "3410000000",
            "incomeTaxExpense": "876000000",
            "interestAndDebtExpense": "None",
            "netIncomeFromContinuingOperations": "2534000000",
            "comprehensiveIncomeNetOfTax": "None",
            "ebit": "3581000000",
            "ebitda": "5054000000",
            "netIncome": "2534000000"
        },
        {
            "fiscalDateEnding": "2021-09-30",
            "reportedCurrency": "CAD",
            "grossProfit": "2991000000",
            "totalRevenue": "8521000000",
            "costOfRevenue": "5530000000",
            "costofGoodsAndServicesSold": "5530000000",
            "operatingIncome": "2800000000",
            "sellingGeneralAndAdministrative": "144000000",
            "researchAndDevelopment": "None",
            "operatingExpenses": "191000000",
            "investmentIncomeNet": "None",
            "netInterestIncome": "-178000000",
            "interestIncome": "469000000",
            "interestExpense": "178000000",
            "nonInterestIncome": "None",
            "otherNonOperatingIncome": "None",
            "depreciation": "None",
            "depreciationAndAmortization": "1442000000",
            "incomeBeforeTax": "2809000000",
            "incomeTaxExpense": "607000000",
            "interestAndDebtExpense": "None",
            "netIncomeFromContinuingOperations": "2202000000",
            "comprehensiveIncomeNetOfTax": "None",
            "ebit": "2987000000",
            "ebitda": "4429000000",
            "netIncome": "2202000000"
        },
        {
            "fiscalDateEnding": "2021-06-30",
            "reportedCurrency": "CAD",
            "grossProfit": "1882000000",
            "totalRevenue": "7124000000",
            "costOfRevenue": "5242000000",
            "costofGoodsAndServicesSold": "5242000000",
            "operatingIncome": "1612000000",
            "sellingGeneralAndAdministrative": "224000000",
            "researchAndDevelopment": "None",
            "operatingExpenses": "270000000",
            "investmentIncomeNet": "None",
            "netInterestIncome": "-177000000",
            "interestIncome": "15000000",
            "interestExpense": "177000000",
            "nonInterestIncome": "None",
            "otherNonOperatingIncome": "None",
            "depreciation": "None",
            "depreciationAndAmortization": "1388000000",
            "incomeBeforeTax": "1997000000",
            "incomeTaxExpense": "446000000",
            "interestAndDebtExpense": "None",
            "netIncomeFromContinuingOperations": "1551000000",
            "comprehensiveIncomeNetOfTax": "None",
            "ebit": "2174000000",
            "ebitda": "3562000000",
            "netIncome": "1551000000"
        },
        {
            "fiscalDateEnding": "2021-03-31",
            "reportedCurrency": "USD",
            "grossProfit": "1898000000",
            "totalRevenue": "7019000000",
            "costOfRevenue": "5121000000",
            "costofGoodsAndServicesSold": "5121000000",
            "operatingIncome": "1628000000",
            "sellingGeneralAndAdministrative": "224000000",
            "researchAndDevelopment": "None",
            "operatingExpenses": "270000000",
            "investmentIncomeNet": "None",
            "netInterestIncome": "-185000000",
            "interestIncome": "67000000",
            "interestExpense": "185000000",
            "nonInterestIncome": "None",
            "otherNonOperatingIncome": "None",
            "depreciation": "None",
            "depreciationAndAmortization": "1421000000",
            "incomeBeforeTax": "1695000000",
            "incomeTaxExpense": "318000000",
            "interestAndDebtExpense": "None",
            "netIncomeFromContinuingOperations": "1377000000",
            "comprehensiveIncomeNetOfTax": "None",
            "ebit": "1880000000",
            "ebitda": "3301000000",
            "netIncome": "1377000000"
        },
        {
            "fiscalDateEnding": "2020-12-31",
            "reportedCurrency": "USD",
            "grossProfit": "454000000",
            "totalRevenue": "5219000000",
            "costOfRevenue": "4765000000",
            "costofGoodsAndServicesSold": "4765000000",
            "operatingIncome": "173000000",
            "sellingGeneralAndAdministrative": "230000000",
            "researchAndDevelopment": "None",
            "operatingExpenses": "281000000",
            "investmentIncomeNet": "None",
            "netInterestIncome": "-177000000",
            "interestIncome": "369000000",
            "interestExpense": "249000000",
            "nonInterestIncome": "None",
            "otherNonOperatingIncome": "None",
            "depreciation": "None",
            "depreciationAndAmortization": "1615000000",
            "incomeBeforeTax": "759000000",
            "incomeTaxExpense": "10000000",
            "interestAndDebtExpense": "None",
            "netIncomeFromContinuingOperations": "749000000",
            "comprehensiveIncomeNetOfTax": "None",
            "ebit": "1008000000",
            "ebitda": "2623000000",
            "netIncome": "749000000"
        },
        {
            "fiscalDateEnding": "2020-09-30",
            "reportedCurrency": "USD",
            "grossProfit": "495000000",
            "totalRevenue": "4676000000",
            "costOfRevenue": "4181000000",
            "costofGoodsAndServicesSold": "4181000000",
            "operatingIncome": "361000000",
            "sellingGeneralAndAdministrative": "83000000",
            "researchAndDevelopment": "None",
            "operatingExpenses": "134000000",
            "investmentIncomeNet": "None",
            "netInterestIncome": "-174000000",
            "interestIncome": "56000000",
            "interestExpense": "174000000",
            "nonInterestIncome": "None",
            "otherNonOperatingIncome": "None",
            "depreciation": "None",
            "depreciationAndAmortization": "1464000000",
            "incomeBeforeTax": "417000000",
            "incomeTaxExpense": "9000000",
            "interestAndDebtExpense": "None",
            "netIncomeFromContinuingOperations": "408000000",
            "comprehensiveIncomeNetOfTax": "None",
            "ebit": "591000000",
            "ebitda": "2055000000",
            "netIncome": "408000000"
        },
        {
            "fiscalDateEnding": "2020-06-30",
            "reportedCurrency": "USD",
            "grossProfit": "-700000000",
            "totalRevenue": "2944000000",
            "costOfRevenue": "3644000000",
            "costofGoodsAndServicesSold": "3644000000",
            "operatingIncome": "-862000000",
            "sellingGeneralAndAdministrative": "111000000",
            "researchAndDevelopment": "None",
            "operatingExpenses": "162000000",
            "investmentIncomeNet": "None",
            "netInterestIncome": "-199000000",
            "interestIncome": "254000000",
            "interestExpense": "199000000",
            "nonInterestIncome": "None",
            "otherNonOperatingIncome": "None",
            "depreciation": "None",
            "depreciationAndAmortization": "1403000000",
            "incomeBeforeTax": "-608000000",
            "incomeTaxExpense": "-298000000",
            "interestAndDebtExpense": "None",
            "netIncomeFromContinuingOperations": "-310000000",
            "comprehensiveIncomeNetOfTax": "None",
            "ebit": "-409000000",
            "ebitda": "994000000",
            "netIncome": "-310000000"
        },
        {
            "fiscalDateEnding": "2020-03-31",
            "reportedCurrency": "USD",
            "grossProfit": "-180000000",
            "totalRevenue": "4652000000",
            "costOfRevenue": "4832000000",
            "costofGoodsAndServicesSold": "4832000000",
            "operatingIncome": "-117000000",
            "sellingGeneralAndAdministrative": "115000000",
            "researchAndDevelopment": "None",
            "operatingExpenses": "-63000000",
            "investmentIncomeNet": "None",
            "netInterestIncome": "-206000000",
            "interestIncome": "1324000000",
            "interestExpense": "206000000",
            "nonInterestIncome": "None",
            "otherNonOperatingIncome": "None",
            "depreciation": "None",
            "depreciationAndAmortization": "1564000000",
            "incomeBeforeTax": "-1441000000",
            "incomeTaxExpense": "-159000000",
            "interestAndDebtExpense": "None",
            "netIncomeFromContinuingOperations": "-1282000000",
            "comprehensiveIncomeNetOfTax": "None",
            "ebit": "-1235000000",
            "ebitda": "329000000",
            "netIncome": "-1282000000"
        },
        {
            "fiscalDateEnding": "2019-12-31",
            "reportedCurrency": "USD",
            "grossProfit": "1287000000",
            "totalRevenue": "6335000000",
            "costOfRevenue": "5048000000",
            "costofGoodsAndServicesSold": "5048000000",
            "operatingIncome": "981000000",
            "sellingGeneralAndAdministrative": "256000000",
            "researchAndDevelopment": "0",
            "operatingExpenses": "306000000",
            "investmentIncomeNet": "None",
            "netInterestIncome": "-217000000",
            "interestIncome": "159000000",
            "interestExpense": "293000000",
            "nonInterestIncome": "None",
            "otherNonOperatingIncome": "0",
            "depreciation": "None",
            "depreciationAndAmortization": "1550000000",
            "incomeBeforeTax": "822000000",
            "incomeTaxExpense": "225000000",
            "interestAndDebtExpense": "None",
            "netIncomeFromContinuingOperations": "597000000",
            "comprehensiveIncomeNetOfTax": "None",
            "ebit": "1115000000",
            "ebitda": "2665000000",
            "netIncome": "597000000"
        },
        {
            "fiscalDateEnding": "2019-09-30",
            "reportedCurrency": "USD",
            "grossProfit": "1920000000",
            "totalRevenue": "6587000000",
            "costOfRevenue": "4667000000",
            "costofGoodsAndServicesSold": "4667000000",
            "operatingIncome": "1768000000",
            "sellingGeneralAndAdministrative": "102000000",
            "researchAndDevelopment": "0",
            "operatingExpenses": "152000000",
            "investmentIncomeNet": "None",
            "netInterestIncome": "-231000000",
            "interestIncome": "404000000",
            "interestExpense": "231000000",
            "nonInterestIncome": "None",
            "otherNonOperatingIncome": "0",
            "depreciation": "None",
            "depreciationAndAmortization": "1426000000",
            "incomeBeforeTax": "1364000000",
            "incomeTaxExpense": "337000000",
            "interestAndDebtExpense": "None",
            "netIncomeFromContinuingOperations": "1027000000",
            "comprehensiveIncomeNetOfTax": "None",
            "ebit": "1595000000",
            "ebitda": "3021000000",
            "netIncome": "1027000000"
        },
        {
            "fiscalDateEnding": "2019-06-30",
            "reportedCurrency": "USD",
            "grossProfit": "1726000000",
            "totalRevenue": "5931000000",
            "costOfRevenue": "4205000000",
            "costofGoodsAndServicesSold": "4205000000",
            "operatingIncome": "1603000000",
            "sellingGeneralAndAdministrative": "77000000",
            "researchAndDevelopment": "0",
            "operatingExpenses": "123000000",
            "investmentIncomeNet": "None",
            "netInterestIncome": "-197000000",
            "interestIncome": "53000000",
            "interestExpense": "197000000",
            "nonInterestIncome": "None",
            "otherNonOperatingIncome": "0",
            "depreciation": "None",
            "depreciationAndAmortization": "1307000000",
            "incomeBeforeTax": "1550000000",
            "incomeTaxExpense": "-1281000000",
            "interestAndDebtExpense": "None",
            "netIncomeFromContinuingOperations": "2831000000",
            "comprehensiveIncomeNetOfTax": "None",
            "ebit": "1747000000",
            "ebitda": "3054000000",
            "netIncome": "2831000000"
        },
        {
            "fiscalDateEnding": "2019-03-31",
            "reportedCurrency": "USD",
            "grossProfit": "1416000000",
            "totalRevenue": "5541000000",
            "costOfRevenue": "4125000000",
            "costofGoodsAndServicesSold": "4125000000",
            "operatingIncome": "1240000000",
            "sellingGeneralAndAdministrative": "132000000",
            "researchAndDevelopment": "0",
            "operatingExpenses": "176000000",
            "investmentIncomeNet": "None",
            "netInterestIncome": "-191000000",
            "interestIncome": "20000000",
            "interestExpense": "191000000",
            "nonInterestIncome": "None",
            "otherNonOperatingIncome": "0",
            "depreciation": "None",
            "depreciationAndAmortization": "1263000000",
            "incomeBeforeTax": "1220000000",
            "incomeTaxExpense": "259000000",
            "interestAndDebtExpense": "None",
            "netIncomeFromContinuingOperations": "961000000",
            "comprehensiveIncomeNetOfTax": "None",
            "ebit": "1411000000",
            "ebitda": "2674000000",
            "netIncome": "961000000"
        },
        {
            "fiscalDateEnding": "2018-12-31",
            "reportedCurrency": "USD",
            "grossProfit": "-117000000",
            "totalRevenue": "3831000000",
            "costOfRevenue": "3948000000",
            "costofGoodsAndServicesSold": "3948000000",
            "operatingIncome": "-106000000",
            "sellingGeneralAndAdministrative": "57000000",
            "researchAndDevelopment": "0",
            "operatingExpenses": "-11000000",
            "investmentIncomeNet": "None",
            "netInterestIncome": "None",
            "interestIncome": "None",
            "interestExpense": "238000000",
            "nonInterestIncome": "None",
            "otherNonOperatingIncome": "0",
            "depreciation": "None",
            "depreciationAndAmortization": "1328000000",
            "incomeBeforeTax": "-899000000",
            "incomeTaxExpense": "-123000000",
            "interestAndDebtExpense": "None",
            "netIncomeFromContinuingOperations": "-164478179.62",
            "comprehensiveIncomeNetOfTax": "None",
            "ebit": "-661000000",
            "ebitda": "667000000",
            "netIncome": "-776000000"
        },
        {
            "fiscalDateEnding": "2018-09-30",
            "reportedCurrency": "USD",
            "grossProfit": "1977000000",
            "totalRevenue": "6327000000",
            "costOfRevenue": "4350000000",
            "costofGoodsAndServicesSold": "4350000000",
            "operatingIncome": "1938000000",
            "sellingGeneralAndAdministrative": "8000000",
            "researchAndDevelopment": "0",
            "operatingExpenses": "39000000",
            "investmentIncomeNet": "None",
            "netInterestIncome": "None",
            "interestIncome": "None",
            "interestExpense": "180000000",
            "nonInterestIncome": "None",
            "otherNonOperatingIncome": "0",
            "depreciation": "None",
            "depreciationAndAmortization": "1306000000",
            "incomeBeforeTax": "2145000000",
            "incomeTaxExpense": "343000000",
            "interestAndDebtExpense": "None",
            "netIncomeFromContinuingOperations": "1097794186.67",
            "comprehensiveIncomeNetOfTax": "None",
            "ebit": "2325000000",
            "ebitda": "3631000000",
            "netIncome": "1802000000"
        },
        {
            "fiscalDateEnding": "2018-06-30",
            "reportedCurrency": "USD",
            "grossProfit": "1918000000",
            "totalRevenue": "6389000000",
            "costOfRevenue": "4471000000",
            "costofGoodsAndServicesSold": "4471000000",
            "operatingIncome": "1620000000",
            "sellingGeneralAndAdministrative": "251000000",
            "researchAndDevelopment": "0",
            "operatingExpenses": "298000000",
            "investmentIncomeNet": "None",
            "netInterestIncome": "None",
            "interestIncome": "None",
            "interestExpense": "190000000",
            "nonInterestIncome": "None",
            "otherNonOperatingIncome": "0",
            "depreciation": "None",
            "depreciationAndAmortization": "1270000000",
            "incomeBeforeTax": "1402000000",
            "incomeTaxExpense": "420000000",
            "interestAndDebtExpense": "None",
            "netIncomeFromContinuingOperations": "744729258.30",
            "comprehensiveIncomeNetOfTax": "None",
            "ebit": "1592000000",
            "ebitda": "2862000000",
            "netIncome": "982000000"
        },
        {
            "fiscalDateEnding": "2018-03-31",
            "reportedCurrency": "USD",
            "grossProfit": "1435000000",
            "totalRevenue": "5735000000",
            "costOfRevenue": "4300000000",
            "costofGoodsAndServicesSold": "4300000000",
            "operatingIncome": "1396000000",
            "sellingGeneralAndAdministrative": "7000000",
            "researchAndDevelopment": "0",
            "operatingExpenses": "39000000",
            "investmentIncomeNet": "None",
            "netInterestIncome": "None",
            "interestIncome": "None",
            "interestExpense": "190000000",
            "nonInterestIncome": "None",
            "otherNonOperatingIncome": "None",
            "depreciation": "None",
            "depreciationAndAmortization": "1257000000",
            "incomeBeforeTax": "874000000",
            "incomeTaxExpense": "291000000",
            "interestAndDebtExpense": "None",
            "netIncomeFromContinuingOperations": "451483001.63",
            "comprehensiveIncomeNetOfTax": "None",
            "ebit": "1064000000",
            "ebitda": "2321000000",
            "netIncome": "583000000"
        }
    ]
}