{
    "symbol": "MAIN",
    "annualReports": [
        {
            "fiscalDateEnding": "2022-12-31",
            "reportedCurrency": "USD",
            "grossProfit": "151001000",
            "totalRevenue": "167051000",
            "costOfRevenue": "16050000",
            "costofGoodsAndServicesSold": "None",
            "operatingIncome": "134951000",
            "sellingGeneralAndAdministrative": "16050000",
            "researchAndDevelopment": "None",
            "operatingExpenses": "16050000",
            "investmentIncomeNet": "229588000",
            "netInterestIncome": "-78276000",
            "interestIncome": "284746000",
            "interestExpense": "78276000",
            "nonInterestIncome": "0",
            "otherNonOperatingIncome": "None",
            "depreciation": "None",
            "depreciationAndAmortization": "-24816000",
            "incomeBeforeTax": "264931000",
            "incomeTaxExpense": "23325000",
            "interestAndDebtExpense": "78276000",
            "netIncomeFromContinuingOperations": "341214000",
            "comprehensiveIncomeNetOfTax": "341214000",
            "ebit": "268652000",
            "ebitda": "343207000",
            "netIncome": "241606000"
        }
    ],
    "quarterlyReports": [
        {
            "fiscalDateEnding": "2023-03-31",
            "reportedCurrency": "USD",
            "grossProfit": "51907000",
            "totalRevenue": "55984000",
            "costOfRevenue": "4077000",
            "costofGoodsAndServicesSold": "-13260000",
            "operatingIncome": "47830000",
            "sellingGeneralAndAdministrative": "4077000",
            "researchAndDevelopment": "None",
            "operatingExpenses": "4077000",
            "investmentIncomeNet": "78327000",
            "netInterestIncome": "-24997000",
            "interestIncome": "120254000",
            "interestExpense": "24997000",
            "nonInterestIncome": "14000",
            "otherNonOperatingIncome": "None",
            "depreciation": "None",
            "depreciationAndAmortization": "None",
            "incomeBeforeTax": "87706000",
            "incomeTaxExpense": "8114000",
            "interestAndDebtExpense": "24997000",
            "netIncomeFromContinuingOperations": "118043000",
            "comprehensiveIncomeNetOfTax": "118043000",
            "ebit": "112703000",
            "ebitda": "112703000",
            "netIncome": "79592000"
        },
        {
            "fiscalDateEnding": "2022-12-31",
            "reportedCurrency": "USD",
            "grossProfit": "45014000",
            "totalRevenue": "49581000",
            "costOfRevenue": "4567000",
            "costofGoodsAndServicesSold": "None",
            "operatingIncome": "40447000",
            "sellingGeneralAndAdministrative": "4567000",
            "researchAndDevelopment": "None",
            "operatingExpenses": "4567000",
            "investmentIncomeNet": "70780000",
            "netInterestIncome": "-23060000",
            "interestIncome": "86300000",
            "interestExpense": "23060000",
            "nonInterestIncome": "-3302000",
            "otherNonOperatingIncome": "None",
            "depreciation": "None",
            "depreciationAndAmortization": "-255976000",
            "incomeBeforeTax": "112167000",
            "incomeTaxExpense": "5848000",
            "interestAndDebtExpense": "23060000",
            "netIncomeFromContinuingOperations": "105379000",
            "comprehensiveIncomeNetOfTax": "105379000",
            "ebit": "135227000",
            "ebitda": "135227000",
            "netIncome": "106319000"
        },
        {
            "fiscalDateEnding": "2022-09-30",
            "reportedCurrency": "USD",
            "grossProfit": "42227000",
            "totalRevenue": "46245000",
            "costOfRevenue": "4018000",
            "costofGoodsAndServicesSold": "None",
            "operatingIncome": "38209000",
            "sellingGeneralAndAdministrative": "4018000",
            "researchAndDevelopment": "None",
            "operatingExpenses": "4018000",
            "investmentIncomeNet": "58508000",
            "netInterestIncome": "-21234000",
            "interestIncome": "75023000",
            "interestExpense": "21234000",
            "nonInterestIncome": "5031000",
            "otherNonOperatingIncome": "None",
            "depreciation": "None",
            "depreciationAndAmortization": "96671000",
            "incomeBeforeTax": "57398000",
            "incomeTaxExpense": "2060000",
            "interestAndDebtExpense": "21234000",
            "netIncomeFromContinuingOperations": "94657000",
            "comprehensiveIncomeNetOfTax": "94657000",
            "ebit": "78632000",
            "ebitda": "78632000",
            "netIncome": "55338000"
        },
        {
            "fiscalDateEnding": "2022-06-30",
            "reportedCurrency": "USD",
            "grossProfit": "41710000",
            "totalRevenue": "41710000",
            "costOfRevenue": "None",
            "costofGoodsAndServicesSold": "None",
            "operatingIncome": "-16641000",
            "sellingGeneralAndAdministrative": "4238000",
            "researchAndDevelopment": "None",
            "operatingExpenses": "16641000",
            "investmentIncomeNet": "None",
            "netInterestIncome": "67905000",
            "interestIncome": "85200000",
            "interestExpense": "17295000",
            "nonInterestIncome": "None",
            "otherNonOperatingIncome": "None",
            "depreciation": "None",
            "depreciationAndAmortization": "59005000",
            "incomeBeforeTax": "25069000",
            "incomeTaxExpense": "10320000",
            "interestAndDebtExpense": "None",
            "netIncomeFromContinuingOperations": "14749000",
            "comprehensiveIncomeNetOfTax": "None",
            "ebit": "-16641000",
            "ebitda": "42364000",
            "netIncome": "14749000"
        },
        {
            "fiscalDateEnding": "2022-03-31",
            "reportedCurrency": "USD",
            "grossProfit": "83613000",
            "totalRevenue": "83613000",
            "costOfRevenue": "None",
            "costofGoodsAndServicesSold": "None",
            "operatingIncome": "-13313000",
            "sellingGeneralAndAdministrative": "3226000",
            "researchAndDevelopment": "None",
            "operatingExpenses": "13313000",
            "investmentIncomeNet": "None",
            "netInterestIncome": "62708000",
            "interestIncome": "79395000",
            "interestExpense": "16687000",
            "nonInterestIncome": "None",
            "otherNonOperatingIncome": "None",
            "depreciation": "None",
            "depreciationAndAmortization": "100300000",
            "incomeBeforeTax": "70300000",
            "incomeTaxExpense": "5097000",
            "interestAndDebtExpense": "None",
            "netIncomeFromContinuingOperations": "65203000",
            "comprehensiveIncomeNetOfTax": "None",
            "ebit": "-13313000",
            "ebitda": "86987000",
            "netIncome": "65203000"
        },
        {
            "fiscalDateEnding": "2021-12-31",
            "reportedCurrency": "USD",
            "grossProfit": "122154000",
            "totalRevenue": "122154000",
            "costOfRevenue": "None",
            "costofGoodsAndServicesSold": "None",
            "operatingIncome": "-17633000",
            "sellingGeneralAndAdministrative": "3055000",
            "researchAndDevelopment": "None",
            "operatingExpenses": "17633000",
            "investmentIncomeNet": "None",
            "netInterestIncome": "37863000",
            "interestIncome": "53785000",
            "interestExpense": "15922000",
            "nonInterestIncome": "None",
            "otherNonOperatingIncome": "None",
            "depreciation": "None",
            "depreciationAndAmortization": "138076000",
            "incomeBeforeTax": "104521000",
            "incomeTaxExpense": "10172000",
            "interestAndDebtExpense": "None",
            "netIncomeFromContinuingOperations": "94349000",
            "comprehensiveIncomeNetOfTax": "None",
            "ebit": "-17633000",
            "ebitda": "120443000",
            "netIncome": "94349000"
        },
        {
            "fiscalDateEnding": "2021-09-30",
            "reportedCurrency": "USD",
            "grossProfit": "111732000",
            "totalRevenue": "111732000",
            "costOfRevenue": "None",
            "costofGoodsAndServicesSold": "None",
            "operatingIncome": "-15492000",
            "sellingGeneralAndAdministrative": "3047000",
            "researchAndDevelopment": "None",
            "operatingExpenses": "15492000",
            "investmentIncomeNet": "None",
            "netInterestIncome": "35757000",
            "interestIncome": "50468000",
            "interestExpense": "14711000",
            "nonInterestIncome": "None",
            "otherNonOperatingIncome": "None",
            "depreciation": "None",
            "depreciationAndAmortization": "126443000",
            "incomeBeforeTax": "96240000",
            "incomeTaxExpense": "12284000",
            "interestAndDebtExpense": "None",
            "netIncomeFromContinuingOperations": "83956000",
            "comprehensiveIncomeNetOfTax": "None",
            "ebit": "-15492000",
            "ebitda": "110951000",
            "netIncome": "83956000"
        },
        {
            "fiscalDateEnding": "2021-06-30",
            "reportedCurrency": "USD",
            "grossProfit": "117907000",
            "totalRevenue": "117907000",
            "costOfRevenue": "None",
            "costofGoodsAndServicesSold": "None",
            "operatingIncome": "-13071000",
            "sellingGeneralAndAdministrative": "3417000",
            "researchAndDevelopment": "None",
            "operatingExpenses": "13071000",
            "investmentIncomeNet": "None",
            "netInterestIncome": "52894000",
            "interestIncome": "67294000",
            "interestExpense": "14400000",
            "nonInterestIncome": "None",
            "otherNonOperatingIncome": "None",
            "depreciation": "None",
            "depreciationAndAmortization": "132307000",
            "incomeBeforeTax": "104836000",
            "incomeTaxExpense": "9726000",
            "interestAndDebtExpense": "None",
            "netIncomeFromContinuingOperations": "95110000",
            "comprehensiveIncomeNetOfTax": "None",
            "ebit": "-13071000",
            "ebitda": "119236000",
            "netIncome": "95110000"
        },
        {
            "fiscalDateEnding": "2021-03-31",
            "reportedCurrency": "USD",
            "grossProfit": "69654000",
            "totalRevenue": "69654000",
            "costOfRevenue": "None",
            "costofGoodsAndServicesSold": "None",
            "operatingIncome": "-11626000",
            "sellingGeneralAndAdministrative": "2975000",
            "researchAndDevelopment": "None",
            "operatingExpenses": "11626000",
            "investmentIncomeNet": "None",
            "netInterestIncome": "49003000",
            "interestIncome": "62807000",
            "interestExpense": "13804000",
            "nonInterestIncome": "None",
            "otherNonOperatingIncome": "None",
            "depreciation": "None",
            "depreciationAndAmortization": "83458000",
            "incomeBeforeTax": "58028000",
            "incomeTaxExpense": "682000",
            "interestAndDebtExpense": "None",
            "netIncomeFromContinuingOperations": "57346000",
            "comprehensiveIncomeNetOfTax": "None",
            "ebit": "-11626000",
            "ebitda": "71832000",
            "netIncome": "57346000"
        }
    ]
}